20200501  04:30:00,USDJPY,BID,106.885000,106.888000,
20200501  04:30:01,USDJPY,BID,106.885000,106.888000,
20200501  04:30:02,USDJPY,BID,106.885000,106.888000,
20200501  04:30:03,USDJPY,BID,106.885000,106.888000,
20200501  04:30:04,USDJPY,BID,106.885000,106.888000,
20200501  04:30:05,USDJPY,BID,106.885000,106.888000,
20200501  04:30:06,USDJPY,BID,106.885000,106.888000,
20200501  04:30:07,USDJPY,BID,106.884000,106.886000,
20200501  04:30:08,USDJPY,BID,106.884000,106.886000,
20200501  04:30:09,USDJPY,BID,106.884000,106.886000,
20200501  04:30:10,USDJPY,BID,106.884000,106.886000,
20200501  04:30:11,USDJPY,BID,106.883000,106.886000,
20200501  04:30:12,USDJPY,BID,106.884000,106.886000,
20200501  04:30:13,USDJPY,BID,106.884000,106.886000,
20200501  04:30:14,USDJPY,BID,106.884000,106.886000,
20200501  04:30:15,USDJPY,BID,106.883000,106.886000,
20200501  04:30:16,USDJPY,BID,106.884000,106.886000,
20200501  04:30:17,USDJPY,BID,106.884000,106.886000,
20200501  04:30:18,USDJPY,BID,106.883000,106.886000,
20200501  04:30:19,USDJPY,BID,106.883000,106.886000,
20200501  04:30:20,USDJPY,BID,106.883000,106.886000,
20200501  04:30:21,USDJPY,BID,106.883000,106.886000,
20200501  04:30:22,USDJPY,BID,106.884000,106.886000,
20200501  04:30:23,USDJPY,BID,106.884000,106.886000,
20200501  04:30:24,USDJPY,BID,106.885000,106.886000,
20200501  04:30:25,USDJPY,BID,106.885000,106.886000,
20200501  04:30:26,USDJPY,BID,106.884000,106.886000,
20200501  04:30:27,USDJPY,BID,106.884000,106.886000,
20200501  04:30:28,USDJPY,BID,106.885000,106.886000,
20200501  04:30:29,USDJPY,BID,106.885000,106.886000,
20200501  04:30:30,USDJPY,BID,106.884000,106.886000,
20200501  04:30:31,USDJPY,BID,106.884000,106.886000,
20200501  04:30:32,USDJPY,BID,106.885000,106.886000,
20200501  04:30:33,USDJPY,BID,106.885000,106.886000,
20200501  04:30:34,USDJPY,BID,106.884000,106.886000,
20200501  04:30:35,USDJPY,BID,106.884000,106.886000,
20200501  04:30:36,USDJPY,BID,106.884000,106.886000,
20200501  04:30:37,USDJPY,BID,106.884000,106.886000,
20200501  04:30:38,USDJPY,BID,106.882000,106.884000,
20200501  04:30:39,USDJPY,BID,106.883000,106.885000,
20200501  04:30:40,USDJPY,BID,106.882000,106.885000,
20200501  04:30:41,USDJPY,BID,106.882000,106.885000,
20200501  04:30:42,USDJPY,BID,106.875000,106.877000,
20200501  04:30:43,USDJPY,BID,106.877000,106.878000,
20200501  04:30:44,USDJPY,BID,106.880000,106.881000,
20200501  04:30:45,USDJPY,BID,106.879000,106.881000,
20200501  04:30:46,USDJPY,BID,106.879000,106.881000,
20200501  04:30:47,USDJPY,BID,106.879000,106.881000,
20200501  04:30:48,USDJPY,BID,106.879000,106.881000,
20200501  04:30:49,USDJPY,BID,106.879000,106.881000,
20200501  04:30:50,USDJPY,BID,106.880000,106.881000,
20200501  04:30:51,USDJPY,BID,106.880000,106.881000,
20200501  04:30:52,USDJPY,BID,106.880000,106.881000,
20200501  04:30:53,USDJPY,BID,106.879000,106.881000,
20200501  04:30:54,USDJPY,BID,106.880000,106.881000,
20200501  04:30:55,USDJPY,BID,106.879000,106.881000,
20200501  04:30:56,USDJPY,BID,106.879000,106.881000,
20200501  04:30:57,USDJPY,BID,106.879000,106.881000,
20200501  04:30:58,USDJPY,BID,106.879000,106.881000,
20200501  04:30:59,USDJPY,BID,106.879000,106.881000,
20200501  04:31:00,USDJPY,BID,106.879000,106.881000,
20200501  04:31:01,USDJPY,BID,106.879000,106.881000,
20200501  04:31:02,USDJPY,BID,106.879000,106.881000,
20200501  04:31:03,USDJPY,BID,106.879000,106.881000,
20200501  04:31:04,USDJPY,BID,106.879000,106.881000,
20200501  04:31:05,USDJPY,BID,106.879000,106.881000,
20200501  04:31:06,USDJPY,BID,106.879000,106.881000,
20200501  04:31:07,USDJPY,BID,106.879000,106.881000,
20200501  04:31:08,USDJPY,BID,106.879000,106.881000,
20200501  04:31:09,USDJPY,BID,106.879000,106.881000,
20200501  04:31:10,USDJPY,BID,106.879000,106.881000,
20200501  04:31:11,USDJPY,BID,106.879000,106.881000,
20200501  04:31:12,USDJPY,BID,106.879000,106.881000,
20200501  04:31:13,USDJPY,BID,106.879000,106.881000,
20200501  04:31:14,USDJPY,BID,106.880000,106.882000,
20200501  04:31:15,USDJPY,BID,106.880000,106.881000,
20200501  04:31:16,USDJPY,BID,106.880000,106.882000,
20200501  04:31:17,USDJPY,BID,106.880000,106.882000,
20200501  04:31:18,USDJPY,BID,106.880000,106.882000,
20200501  04:31:19,USDJPY,BID,106.881000,106.882000,
20200501  04:31:20,USDJPY,BID,106.880000,106.882000,
20200501  04:31:21,USDJPY,BID,106.880000,106.882000,
20200501  04:31:22,USDJPY,BID,106.879000,106.883000,
20200501  04:31:23,USDJPY,BID,106.879000,106.883000,
20200501  04:31:24,USDJPY,BID,106.879000,106.883000,
20200501  04:31:25,USDJPY,BID,106.879000,106.883000,
20200501  04:31:26,USDJPY,BID,106.879000,106.883000,
20200501  04:31:27,USDJPY,BID,106.879000,106.883000,
20200501  04:31:28,USDJPY,BID,106.879000,106.883000,
20200501  04:31:29,USDJPY,BID,106.879000,106.883000,
20200501  04:31:30,USDJPY,BID,106.880000,106.883000,
20200501  04:31:31,USDJPY,BID,106.880000,106.883000,
20200501  04:31:32,USDJPY,BID,106.880000,106.883000,
20200501  04:31:33,USDJPY,BID,106.880000,106.883000,
20200501  04:31:34,USDJPY,BID,106.880000,106.883000,
20200501  04:31:35,USDJPY,BID,106.885000,106.888000,
20200501  04:31:36,USDJPY,BID,106.885000,106.887000,
20200501  04:31:37,USDJPY,BID,106.885000,106.887000,
20200501  04:31:38,USDJPY,BID,106.885000,106.887000,
20200501  04:31:39,USDJPY,BID,106.885000,106.887000,
20200501  04:31:40,USDJPY,BID,106.885000,106.887000,
20200501  04:31:41,USDJPY,BID,106.886000,106.890000,
20200501  04:31:42,USDJPY,BID,106.886000,106.890000,
20200501  04:31:43,USDJPY,BID,106.886000,106.890000,
20200501  04:31:44,USDJPY,BID,106.886000,106.890000,
20200501  04:31:45,USDJPY,BID,106.886000,106.890000,
20200501  04:31:46,USDJPY,BID,106.886000,106.890000,
20200501  04:31:47,USDJPY,BID,106.886000,106.890000,
20200501  04:31:48,USDJPY,BID,106.887000,106.890000,
20200501  04:31:49,USDJPY,BID,106.887000,106.890000,
20200501  04:31:50,USDJPY,BID,106.887000,106.890000,
20200501  04:31:51,USDJPY,BID,106.887000,106.890000,
20200501  04:31:52,USDJPY,BID,106.887000,106.890000,
20200501  04:31:53,USDJPY,BID,106.887000,106.890000,
20200501  04:31:54,USDJPY,BID,106.887000,106.890000,
20200501  04:31:55,USDJPY,BID,106.887000,106.890000,
20200501  04:31:56,USDJPY,BID,106.889000,106.891000,
20200501  04:31:57,USDJPY,BID,106.887000,106.890000,
20200501  04:31:58,USDJPY,BID,106.887000,106.890000,
20200501  04:31:59,USDJPY,BID,106.887000,106.890000,
20200501  04:32:00,USDJPY,BID,106.887000,106.890000,
20200501  04:32:01,USDJPY,BID,106.886000,106.890000,
20200501  04:32:02,USDJPY,BID,106.886000,106.890000,
20200501  04:32:03,USDJPY,BID,106.886000,106.890000,
20200501  04:32:04,USDJPY,BID,106.885000,106.886000,
20200501  04:32:05,USDJPY,BID,106.885000,106.886000,
20200501  04:32:06,USDJPY,BID,106.886000,106.889000,
20200501  04:32:07,USDJPY,BID,106.886000,106.889000,
20200501  04:32:08,USDJPY,BID,106.886000,106.889000,
20200501  04:32:09,USDJPY,BID,106.886000,106.887000,
20200501  04:32:10,USDJPY,BID,106.886000,106.887000,
20200501  04:32:11,USDJPY,BID,106.886000,106.887000,
20200501  04:32:12,USDJPY,BID,106.886000,106.887000,
20200501  04:32:13,USDJPY,BID,106.886000,106.887000,
20200501  04:32:14,USDJPY,BID,106.888000,106.891000,
20200501  04:32:15,USDJPY,BID,106.891000,106.892000,
20200501  04:32:16,USDJPY,BID,106.891000,106.893000,
20200501  04:32:17,USDJPY,BID,106.891000,106.893000,
20200501  04:32:18,USDJPY,BID,106.891000,106.893000,
20200501  04:32:19,USDJPY,BID,106.891000,106.894000,
20200501  04:32:20,USDJPY,BID,106.893000,106.895000,
20200501  04:32:21,USDJPY,BID,106.893000,106.894000,
20200501  04:32:22,USDJPY,BID,106.899000,106.900000,
20200501  04:32:23,USDJPY,BID,106.898000,106.901000,
20200501  04:32:24,USDJPY,BID,106.898000,106.901000,
20200501  04:32:25,USDJPY,BID,106.894000,106.897000,
20200501  04:32:26,USDJPY,BID,106.894000,106.896000,
20200501  04:32:27,USDJPY,BID,106.894000,106.896000,
20200501  04:32:28,USDJPY,BID,106.894000,106.896000,
20200501  04:32:29,USDJPY,BID,106.894000,106.896000,
20200501  04:32:30,USDJPY,BID,106.894000,106.896000,
20200501  04:32:31,USDJPY,BID,106.894000,106.896000,
20200501  04:32:32,USDJPY,BID,106.894000,106.896000,
20200501  04:32:33,USDJPY,BID,106.894000,106.896000,
20200501  04:32:34,USDJPY,BID,106.894000,106.896000,
20200501  04:32:35,USDJPY,BID,106.894000,106.896000,
20200501  04:32:36,USDJPY,BID,106.894000,106.896000,
20200501  04:32:37,USDJPY,BID,106.894000,106.896000,
20200501  04:32:38,USDJPY,BID,106.893000,106.895000,
20200501  04:32:39,USDJPY,BID,106.894000,106.895000,
20200501  04:32:40,USDJPY,BID,106.893000,106.895000,
20200501  04:32:41,USDJPY,BID,106.893000,106.895000,
20200501  04:32:42,USDJPY,BID,106.896000,106.899000,
20200501  04:32:43,USDJPY,BID,106.897000,106.899000,
20200501  04:32:44,USDJPY,BID,106.897000,106.899000,
20200501  04:32:45,USDJPY,BID,106.899000,106.900000,
20200501  04:32:46,USDJPY,BID,106.898000,106.900000,
20200501  04:32:47,USDJPY,BID,106.898000,106.900000,
20200501  04:32:48,USDJPY,BID,106.898000,106.900000,
20200501  04:32:49,USDJPY,BID,106.898000,106.900000,
20200501  04:32:50,USDJPY,BID,106.898000,106.900000,
20200501  04:32:51,USDJPY,BID,106.898000,106.900000,
20200501  04:32:52,USDJPY,BID,106.898000,106.900000,
20200501  04:32:53,USDJPY,BID,106.900000,106.903000,
20200501  04:32:54,USDJPY,BID,106.900000,106.903000,
20200501  04:32:55,USDJPY,BID,106.900000,106.903000,
20200501  04:32:56,USDJPY,BID,106.900000,106.903000,
20200501  04:32:57,USDJPY,BID,106.900000,106.903000,
20200501  04:32:58,USDJPY,BID,106.900000,106.903000,
20200501  04:32:59,USDJPY,BID,106.900000,106.903000,
20200501  04:33:00,USDJPY,BID,106.904000,106.905000,
20200501  04:33:01,USDJPY,BID,106.904000,106.905000,
20200501  04:33:02,USDJPY,BID,106.904000,106.905000,
20200501  04:33:03,USDJPY,BID,106.903000,106.905000,
20200501  04:33:04,USDJPY,BID,106.903000,106.905000,
20200501  04:33:05,USDJPY,BID,106.903000,106.905000,
20200501  04:33:06,USDJPY,BID,106.898000,106.900000,
20200501  04:33:07,USDJPY,BID,106.899000,106.900000,
20200501  04:33:08,USDJPY,BID,106.899000,106.900000,
20200501  04:33:09,USDJPY,BID,106.899000,106.900000,
20200501  04:33:10,USDJPY,BID,106.899000,106.900000,
20200501  04:33:11,USDJPY,BID,106.899000,106.900000,
20200501  04:33:12,USDJPY,BID,106.898000,106.900000,
20200501  04:33:13,USDJPY,BID,106.897000,106.899000,
20200501  04:33:14,USDJPY,BID,106.898000,106.899000,
20200501  04:33:15,USDJPY,BID,106.898000,106.900000,
20200501  04:33:16,USDJPY,BID,106.897000,106.900000,
20200501  04:33:17,USDJPY,BID,106.897000,106.900000,
20200501  04:33:18,USDJPY,BID,106.897000,106.900000,
20200501  04:33:19,USDJPY,BID,106.897000,106.900000,
20200501  04:33:20,USDJPY,BID,106.897000,106.900000,
20200501  04:33:21,USDJPY,BID,106.898000,106.900000,
20200501  04:33:22,USDJPY,BID,106.898000,106.900000,
20200501  04:33:23,USDJPY,BID,106.898000,106.900000,
20200501  04:33:24,USDJPY,BID,106.898000,106.900000,
20200501  04:33:25,USDJPY,BID,106.898000,106.899000,
20200501  04:33:26,USDJPY,BID,106.897000,106.898000,
20200501  04:33:27,USDJPY,BID,106.898000,106.899000,
20200501  04:33:28,USDJPY,BID,106.903000,106.905000,
20200501  04:33:29,USDJPY,BID,106.903000,106.905000,
20200501  04:33:30,USDJPY,BID,106.903000,106.906000,
20200501  04:33:31,USDJPY,BID,106.903000,106.906000,
20200501  04:33:32,USDJPY,BID,106.903000,106.905000,
20200501  04:33:33,USDJPY,BID,106.903000,106.905000,
20200501  04:33:34,USDJPY,BID,106.900000,106.903000,
20200501  04:33:35,USDJPY,BID,106.900000,106.903000,
20200501  04:33:36,USDJPY,BID,106.902000,106.903000,
20200501  04:33:37,USDJPY,BID,106.898000,106.900000,
20200501  04:33:38,USDJPY,BID,106.898000,106.900000,
20200501  04:33:39,USDJPY,BID,106.898000,106.900000,
20200501  04:33:40,USDJPY,BID,106.897000,106.898000,
20200501  04:33:41,USDJPY,BID,106.899000,106.900000,
20200501  04:33:42,USDJPY,BID,106.899000,106.900000,
20200501  04:33:43,USDJPY,BID,106.899000,106.900000,
20200501  04:33:44,USDJPY,BID,106.899000,106.901000,
20200501  04:33:45,USDJPY,BID,106.899000,106.901000,
20200501  04:33:46,USDJPY,BID,106.898000,106.901000,
20200501  04:33:47,USDJPY,BID,106.898000,106.901000,
20200501  04:33:48,USDJPY,BID,106.898000,106.901000,
20200501  04:33:49,USDJPY,BID,106.898000,106.901000,
20200501  04:33:50,USDJPY,BID,106.898000,106.901000,
20200501  04:33:51,USDJPY,BID,106.898000,106.901000,
20200501  04:33:52,USDJPY,BID,106.899000,106.901000,
20200501  04:33:53,USDJPY,BID,106.899000,106.901000,
20200501  04:33:54,USDJPY,BID,106.899000,106.901000,
20200501  04:33:55,USDJPY,BID,106.904000,106.907000,
20200501  04:33:56,USDJPY,BID,106.909000,106.912000,
20200501  04:33:57,USDJPY,BID,106.911000,106.912000,
20200501  04:33:58,USDJPY,BID,106.911000,106.913000,
20200501  04:33:59,USDJPY,BID,106.911000,106.913000,
20200501  04:34:00,USDJPY,BID,106.911000,106.913000,
20200501  04:34:01,USDJPY,BID,106.915000,106.918000,
20200501  04:34:02,USDJPY,BID,106.916000,106.918000,
20200501  04:34:03,USDJPY,BID,106.917000,106.918000,
20200501  04:34:04,USDJPY,BID,106.917000,106.918000,
20200501  04:34:05,USDJPY,BID,106.916000,106.917000,
20200501  04:34:06,USDJPY,BID,106.919000,106.922000,
20200501  04:34:07,USDJPY,BID,106.920000,106.923000,
20200501  04:34:08,USDJPY,BID,106.920000,106.923000,
20200501  04:34:09,USDJPY,BID,106.920000,106.923000,
20200501  04:34:10,USDJPY,BID,106.920000,106.923000,
20200501  04:34:11,USDJPY,BID,106.920000,106.923000,
20200501  04:34:12,USDJPY,BID,106.920000,106.923000,
20200501  04:34:13,USDJPY,BID,106.926000,106.928000,
20200501  04:34:14,USDJPY,BID,106.925000,106.927000,
20200501  04:34:15,USDJPY,BID,106.921000,106.922000,
20200501  04:34:16,USDJPY,BID,106.921000,106.922000,
20200501  04:34:17,USDJPY,BID,106.921000,106.922000,
20200501  04:34:18,USDJPY,BID,106.921000,106.922000,
20200501  04:34:19,USDJPY,BID,106.921000,106.922000,
20200501  04:34:20,USDJPY,BID,106.921000,106.922000,
20200501  04:34:21,USDJPY,BID,106.919000,106.920000,
20200501  04:34:22,USDJPY,BID,106.919000,106.920000,
20200501  04:34:23,USDJPY,BID,106.919000,106.920000,
20200501  04:34:24,USDJPY,BID,106.916000,106.918000,
20200501  04:34:25,USDJPY,BID,106.916000,106.917000,
20200501  04:34:26,USDJPY,BID,106.918000,106.921000,
20200501  04:34:27,USDJPY,BID,106.920000,106.923000,
20200501  04:34:28,USDJPY,BID,106.921000,106.923000,
20200501  04:34:29,USDJPY,BID,106.921000,106.923000,
20200501  04:34:30,USDJPY,BID,106.921000,106.923000,
20200501  04:34:31,USDJPY,BID,106.926000,106.927000,
20200501  04:34:32,USDJPY,BID,106.927000,106.928000,
20200501  04:34:33,USDJPY,BID,106.926000,106.927000,
20200501  04:34:34,USDJPY,BID,106.926000,106.927000,
20200501  04:34:35,USDJPY,BID,106.926000,106.927000,
20200501  04:34:36,USDJPY,BID,106.926000,106.927000,
20200501  04:34:37,USDJPY,BID,106.926000,106.927000,
20200501  04:34:38,USDJPY,BID,106.926000,106.927000,
20200501  04:34:39,USDJPY,BID,106.926000,106.927000,
20200501  04:34:40,USDJPY,BID,106.926000,106.927000,
20200501  04:34:41,USDJPY,BID,106.926000,106.927000,
20200501  04:34:42,USDJPY,BID,106.927000,106.928000,
20200501  04:34:43,USDJPY,BID,106.930000,106.931000,
20200501  04:34:44,USDJPY,BID,106.930000,106.932000,
20200501  04:34:45,USDJPY,BID,106.930000,106.932000,
20200501  04:34:46,USDJPY,BID,106.930000,106.931000,
20200501  04:34:47,USDJPY,BID,106.927000,106.928000,
20200501  04:34:48,USDJPY,BID,106.928000,106.929000,
20200501  04:34:49,USDJPY,BID,106.927000,106.928000,
20200501  04:34:50,USDJPY,BID,106.927000,106.928000,
20200501  04:34:51,USDJPY,BID,106.924000,106.926000,
20200501  04:34:52,USDJPY,BID,106.924000,106.926000,
20200501  04:34:53,USDJPY,BID,106.923000,106.924000,
20200501  04:34:54,USDJPY,BID,106.923000,106.925000,
20200501  04:34:55,USDJPY,BID,106.923000,106.925000,
20200501  04:34:56,USDJPY,BID,106.923000,106.925000,
20200501  04:34:57,USDJPY,BID,106.923000,106.925000,
20200501  04:34:58,USDJPY,BID,106.923000,106.924000,
20200501  04:34:59,USDJPY,BID,106.920000,106.923000,
20200501  04:35:00,USDJPY,BID,106.920000,106.922000,
20200501  04:35:01,USDJPY,BID,106.920000,106.923000,
20200501  04:35:02,USDJPY,BID,106.920000,106.923000,
20200501  04:35:03,USDJPY,BID,106.923000,106.926000,
20200501  04:35:04,USDJPY,BID,106.925000,106.927000,
20200501  04:35:05,USDJPY,BID,106.925000,106.927000,
20200501  04:35:06,USDJPY,BID,106.925000,106.927000,
20200501  04:35:07,USDJPY,BID,106.925000,106.927000,
20200501  04:35:08,USDJPY,BID,106.925000,106.927000,
20200501  04:35:09,USDJPY,BID,106.930000,106.932000,
20200501  04:35:10,USDJPY,BID,106.931000,106.933000,
20200501  04:35:11,USDJPY,BID,106.927000,106.929000,
20200501  04:35:12,USDJPY,BID,106.925000,106.928000,
20200501  04:35:13,USDJPY,BID,106.925000,106.928000,
20200501  04:35:14,USDJPY,BID,106.925000,106.928000,
20200501  04:35:15,USDJPY,BID,106.924000,106.927000,
20200501  04:35:16,USDJPY,BID,106.924000,106.927000,
20200501  04:35:17,USDJPY,BID,106.924000,106.926000,
20200501  04:35:18,USDJPY,BID,106.924000,106.926000,
20200501  04:35:19,USDJPY,BID,106.924000,106.926000,
20200501  04:35:20,USDJPY,BID,106.930000,106.932000,
20200501  04:35:21,USDJPY,BID,106.930000,106.932000,
20200501  04:35:22,USDJPY,BID,106.930000,106.932000,
20200501  04:35:23,USDJPY,BID,106.927000,106.928000,
20200501  04:35:24,USDJPY,BID,106.924000,106.927000,
20200501  04:35:25,USDJPY,BID,106.924000,106.927000,
20200501  04:35:26,USDJPY,BID,106.924000,106.927000,
20200501  04:35:27,USDJPY,BID,106.924000,106.927000,
20200501  04:35:28,USDJPY,BID,106.924000,106.926000,
20200501  04:35:29,USDJPY,BID,106.924000,106.926000,
20200501  04:35:30,USDJPY,BID,106.925000,106.927000,
20200501  04:35:31,USDJPY,BID,106.925000,106.927000,
20200501  04:35:32,USDJPY,BID,106.925000,106.928000,
20200501  04:35:33,USDJPY,BID,106.926000,106.929000,
20200501  04:35:34,USDJPY,BID,106.928000,106.931000,
20200501  04:35:35,USDJPY,BID,106.926000,106.928000,
20200501  04:35:36,USDJPY,BID,106.926000,106.928000,
20200501  04:35:37,USDJPY,BID,106.926000,106.928000,
20200501  04:35:38,USDJPY,BID,106.926000,106.928000,
20200501  04:35:39,USDJPY,BID,106.926000,106.928000,
20200501  04:35:40,USDJPY,BID,106.926000,106.928000,
20200501  04:35:41,USDJPY,BID,106.925000,106.928000,
20200501  04:35:42,USDJPY,BID,106.925000,106.928000,
20200501  04:35:43,USDJPY,BID,106.925000,106.928000,
20200501  04:35:44,USDJPY,BID,106.924000,106.927000,
20200501  04:35:45,USDJPY,BID,106.924000,106.926000,
20200501  04:35:46,USDJPY,BID,106.924000,106.927000,
20200501  04:35:47,USDJPY,BID,106.924000,106.927000,
20200501  04:35:48,USDJPY,BID,106.924000,106.927000,
20200501  04:35:49,USDJPY,BID,106.925000,106.927000,
20200501  04:35:50,USDJPY,BID,106.924000,106.926000,
20200501  04:35:51,USDJPY,BID,106.924000,106.926000,
20200501  04:35:52,USDJPY,BID,106.924000,106.927000,
20200501  04:35:53,USDJPY,BID,106.924000,106.927000,
20200501  04:35:54,USDJPY,BID,106.924000,106.927000,
20200501  04:35:55,USDJPY,BID,106.924000,106.927000,
20200501  04:35:56,USDJPY,BID,106.924000,106.927000,
20200501  04:35:57,USDJPY,BID,106.924000,106.927000,
20200501  04:35:58,USDJPY,BID,106.924000,106.927000,
20200501  04:35:59,USDJPY,BID,106.924000,106.927000,
20200501  04:36:00,USDJPY,BID,106.924000,106.927000,
20200501  04:36:01,USDJPY,BID,106.924000,106.927000,
20200501  04:36:02,USDJPY,BID,106.924000,106.927000,
20200501  04:36:03,USDJPY,BID,106.924000,106.927000,
20200501  04:36:04,USDJPY,BID,106.924000,106.927000,
20200501  04:36:05,USDJPY,BID,106.924000,106.927000,
20200501  04:36:06,USDJPY,BID,106.924000,106.927000,
20200501  04:36:07,USDJPY,BID,106.924000,106.927000,
20200501  04:36:08,USDJPY,BID,106.924000,106.927000,
20200501  04:36:09,USDJPY,BID,106.924000,106.927000,
20200501  04:36:10,USDJPY,BID,106.924000,106.927000,
20200501  04:36:11,USDJPY,BID,106.924000,106.927000,
20200501  04:36:12,USDJPY,BID,106.925000,106.928000,
20200501  04:36:13,USDJPY,BID,106.925000,106.928000,
20200501  04:36:14,USDJPY,BID,106.925000,106.928000,
20200501  04:36:15,USDJPY,BID,106.925000,106.928000,
20200501  04:36:16,USDJPY,BID,106.925000,106.928000,
20200501  04:36:17,USDJPY,BID,106.925000,106.928000,
20200501  04:36:18,USDJPY,BID,106.925000,106.928000,
20200501  04:36:19,USDJPY,BID,106.922000,106.923000,
20200501  04:36:20,USDJPY,BID,106.921000,106.923000,
20200501  04:36:21,USDJPY,BID,106.920000,106.923000,
20200501  04:36:22,USDJPY,BID,106.920000,106.922000,
20200501  04:36:23,USDJPY,BID,106.919000,106.922000,
20200501  04:36:24,USDJPY,BID,106.919000,106.922000,
20200501  04:36:25,USDJPY,BID,106.919000,106.922000,
20200501  04:36:26,USDJPY,BID,106.919000,106.922000,
20200501  04:36:27,USDJPY,BID,106.919000,106.922000,
20200501  04:36:28,USDJPY,BID,106.919000,106.922000,
20200501  04:36:29,USDJPY,BID,106.919000,106.922000,
20200501  04:36:30,USDJPY,BID,106.915000,106.918000,
20200501  04:36:31,USDJPY,BID,106.915000,106.918000,
20200501  04:36:32,USDJPY,BID,106.915000,106.918000,
20200501  04:36:33,USDJPY,BID,106.915000,106.918000,
20200501  04:36:34,USDJPY,BID,106.915000,106.918000,
20200501  04:36:35,USDJPY,BID,106.909000,106.910000,
20200501  04:36:36,USDJPY,BID,106.909000,106.911000,
20200501  04:36:37,USDJPY,BID,106.909000,106.911000,
20200501  04:36:38,USDJPY,BID,106.909000,106.911000,
20200501  04:36:39,USDJPY,BID,106.915000,106.916000,
20200501  04:36:40,USDJPY,BID,106.914000,106.916000,
20200501  04:36:41,USDJPY,BID,106.914000,106.916000,
20200501  04:36:42,USDJPY,BID,106.913000,106.916000,
20200501  04:36:43,USDJPY,BID,106.915000,106.916000,
20200501  04:36:44,USDJPY,BID,106.916000,106.918000,
20200501  04:36:45,USDJPY,BID,106.916000,106.918000,
20200501  04:36:46,USDJPY,BID,106.921000,106.923000,
20200501  04:36:47,USDJPY,BID,106.922000,106.924000,
20200501  04:36:48,USDJPY,BID,106.922000,106.924000,
20200501  04:36:49,USDJPY,BID,106.922000,106.924000,
20200501  04:36:50,USDJPY,BID,106.921000,106.923000,
20200501  04:36:51,USDJPY,BID,106.921000,106.923000,
20200501  04:36:52,USDJPY,BID,106.922000,106.923000,
20200501  04:36:53,USDJPY,BID,106.922000,106.923000,
20200501  04:36:54,USDJPY,BID,106.918000,106.919000,
20200501  04:36:55,USDJPY,BID,106.922000,106.923000,
20200501  04:36:56,USDJPY,BID,106.922000,106.924000,
20200501  04:36:57,USDJPY,BID,106.922000,106.924000,
20200501  04:36:58,USDJPY,BID,106.922000,106.924000,
20200501  04:36:59,USDJPY,BID,106.920000,106.921000,
20200501  04:37:00,USDJPY,BID,106.918000,106.919000,
20200501  04:37:01,USDJPY,BID,106.919000,106.923000,
20200501  04:37:02,USDJPY,BID,106.920000,106.923000,
20200501  04:37:03,USDJPY,BID,106.920000,106.923000,
20200501  04:37:04,USDJPY,BID,106.920000,106.923000,
20200501  04:37:05,USDJPY,BID,106.920000,106.923000,
20200501  04:37:06,USDJPY,BID,106.919000,106.922000,
20200501  04:37:07,USDJPY,BID,106.919000,106.922000,
20200501  04:37:08,USDJPY,BID,106.921000,106.923000,
20200501  04:37:09,USDJPY,BID,106.921000,106.923000,
20200501  04:37:10,USDJPY,BID,106.921000,106.923000,
20200501  04:37:11,USDJPY,BID,106.921000,106.924000,
20200501  04:37:12,USDJPY,BID,106.921000,106.924000,
20200501  04:37:13,USDJPY,BID,106.924000,106.925000,
20200501  04:37:14,USDJPY,BID,106.923000,106.924000,
20200501  04:37:15,USDJPY,BID,106.921000,106.923000,
20200501  04:37:16,USDJPY,BID,106.921000,106.923000,
20200501  04:37:17,USDJPY,BID,106.921000,106.923000,
20200501  04:37:18,USDJPY,BID,106.921000,106.923000,
20200501  04:37:19,USDJPY,BID,106.921000,106.923000,
20200501  04:37:20,USDJPY,BID,106.929000,106.930000,
20200501  04:37:21,USDJPY,BID,106.928000,106.930000,
20200501  04:37:22,USDJPY,BID,106.928000,106.929000,
20200501  04:37:23,USDJPY,BID,106.927000,106.929000,
20200501  04:37:24,USDJPY,BID,106.928000,106.929000,
20200501  04:37:25,USDJPY,BID,106.927000,106.929000,
20200501  04:37:26,USDJPY,BID,106.923000,106.925000,
20200501  04:37:27,USDJPY,BID,106.923000,106.925000,
20200501  04:37:28,USDJPY,BID,106.923000,106.924000,
20200501  04:37:29,USDJPY,BID,106.923000,106.925000,
20200501  04:37:30,USDJPY,BID,106.925000,106.929000,
20200501  04:37:31,USDJPY,BID,106.927000,106.928000,
20200501  04:37:32,USDJPY,BID,106.927000,106.928000,
20200501  04:37:33,USDJPY,BID,106.926000,106.929000,
20200501  04:37:34,USDJPY,BID,106.926000,106.929000,
20200501  04:37:35,USDJPY,BID,106.926000,106.929000,
20200501  04:37:36,USDJPY,BID,106.928000,106.930000,
20200501  04:37:37,USDJPY,BID,106.927000,106.930000,
20200501  04:37:38,USDJPY,BID,106.927000,106.930000,
20200501  04:37:39,USDJPY,BID,106.927000,106.930000,
20200501  04:37:40,USDJPY,BID,106.927000,106.930000,
20200501  04:37:41,USDJPY,BID,106.927000,106.930000,
20200501  04:37:42,USDJPY,BID,106.927000,106.930000,
20200501  04:37:43,USDJPY,BID,106.927000,106.930000,
20200501  04:37:44,USDJPY,BID,106.927000,106.929000,
20200501  04:37:45,USDJPY,BID,106.927000,106.930000,
20200501  04:37:46,USDJPY,BID,106.927000,106.930000,
20200501  04:37:47,USDJPY,BID,106.927000,106.930000,
20200501  04:37:48,USDJPY,BID,106.927000,106.930000,
20200501  04:37:49,USDJPY,BID,106.927000,106.929000,
20200501  04:37:50,USDJPY,BID,106.927000,106.929000,
20200501  04:37:51,USDJPY,BID,106.927000,106.929000,
20200501  04:37:52,USDJPY,BID,106.928000,106.929000,
20200501  04:37:53,USDJPY,BID,106.928000,106.929000,
20200501  04:37:54,USDJPY,BID,106.928000,106.931000,
20200501  04:37:55,USDJPY,BID,106.928000,106.931000,
20200501  04:37:56,USDJPY,BID,106.928000,106.931000,
20200501  04:37:57,USDJPY,BID,106.932000,106.933000,
20200501  04:37:58,USDJPY,BID,106.933000,106.934000,
20200501  04:37:59,USDJPY,BID,106.933000,106.934000,
20200501  04:38:00,USDJPY,BID,106.933000,106.934000,
20200501  04:38:01,USDJPY,BID,106.933000,106.934000,
20200501  04:38:02,USDJPY,BID,106.935000,106.936000,
20200501  04:38:03,USDJPY,BID,106.935000,106.936000,
20200501  04:38:04,USDJPY,BID,106.935000,106.936000,
20200501  04:38:05,USDJPY,BID,106.934000,106.936000,
20200501  04:38:06,USDJPY,BID,106.937000,106.938000,
20200501  04:38:07,USDJPY,BID,106.938000,106.939000,
20200501  04:38:08,USDJPY,BID,106.938000,106.940000,
20200501  04:38:09,USDJPY,BID,106.938000,106.941000,
20200501  04:38:10,USDJPY,BID,106.938000,106.940000,
20200501  04:38:11,USDJPY,BID,106.938000,106.939000,
20200501  04:38:12,USDJPY,BID,106.938000,106.939000,
20200501  04:38:13,USDJPY,BID,106.938000,106.939000,
20200501  04:38:14,USDJPY,BID,106.938000,106.939000,
20200501  04:38:15,USDJPY,BID,106.940000,106.941000,
20200501  04:38:16,USDJPY,BID,106.939000,106.940000,
20200501  04:38:17,USDJPY,BID,106.939000,106.940000,
20200501  04:38:18,USDJPY,BID,106.939000,106.940000,
20200501  04:38:19,USDJPY,BID,106.939000,106.940000,
20200501  04:38:20,USDJPY,BID,106.939000,106.941000,
20200501  04:38:21,USDJPY,BID,106.937000,106.938000,
20200501  04:38:22,USDJPY,BID,106.937000,106.938000,
20200501  04:38:23,USDJPY,BID,106.937000,106.938000,
20200501  04:38:24,USDJPY,BID,106.937000,106.938000,
20200501  04:38:25,USDJPY,BID,106.937000,106.938000,
20200501  04:38:26,USDJPY,BID,106.937000,106.938000,
20200501  04:38:27,USDJPY,BID,106.937000,106.938000,
20200501  04:38:28,USDJPY,BID,106.937000,106.938000,
20200501  04:38:29,USDJPY,BID,106.937000,106.938000,
20200501  04:38:30,USDJPY,BID,106.937000,106.938000,
20200501  04:38:31,USDJPY,BID,106.937000,106.939000,
20200501  04:38:32,USDJPY,BID,106.940000,106.942000,
20200501  04:38:33,USDJPY,BID,106.938000,106.940000,
20200501  04:38:34,USDJPY,BID,106.938000,106.940000,
20200501  04:38:35,USDJPY,BID,106.938000,106.939000,
20200501  04:38:36,USDJPY,BID,106.938000,106.939000,
20200501  04:38:37,USDJPY,BID,106.938000,106.940000,
20200501  04:38:38,USDJPY,BID,106.938000,106.940000,
20200501  04:38:39,USDJPY,BID,106.938000,106.939000,
20200501  04:38:40,USDJPY,BID,106.937000,106.939000,
20200501  04:38:41,USDJPY,BID,106.937000,106.939000,
20200501  04:38:42,USDJPY,BID,106.937000,106.939000,
20200501  04:38:43,USDJPY,BID,106.937000,106.939000,
20200501  04:38:44,USDJPY,BID,106.930000,106.932000,
20200501  04:38:45,USDJPY,BID,106.931000,106.932000,
20200501  04:38:46,USDJPY,BID,106.935000,106.937000,
20200501  04:38:47,USDJPY,BID,106.936000,106.938000,
20200501  04:38:48,USDJPY,BID,106.936000,106.939000,
20200501  04:38:49,USDJPY,BID,106.936000,106.939000,
20200501  04:38:50,USDJPY,BID,106.937000,106.939000,
20200501  04:38:51,USDJPY,BID,106.939000,106.940000,
20200501  04:38:52,USDJPY,BID,106.938000,106.940000,
20200501  04:38:53,USDJPY,BID,106.937000,106.939000,
20200501  04:38:54,USDJPY,BID,106.937000,106.939000,
20200501  04:38:55,USDJPY,BID,106.938000,106.940000,
20200501  04:38:56,USDJPY,BID,106.938000,106.940000,
20200501  04:38:57,USDJPY,BID,106.938000,106.940000,
20200501  04:38:58,USDJPY,BID,106.938000,106.940000,
20200501  04:38:59,USDJPY,BID,106.941000,106.943000,
20200501  04:39:00,USDJPY,BID,106.940000,106.943000,
20200501  04:39:01,USDJPY,BID,106.940000,106.943000,
20200501  04:39:02,USDJPY,BID,106.940000,106.943000,
20200501  04:39:03,USDJPY,BID,106.940000,106.942000,
20200501  04:39:04,USDJPY,BID,106.940000,106.942000,
20200501  04:39:05,USDJPY,BID,106.940000,106.943000,
20200501  04:39:06,USDJPY,BID,106.940000,106.943000,
20200501  04:39:07,USDJPY,BID,106.940000,106.943000,
20200501  04:39:08,USDJPY,BID,106.938000,106.940000,
20200501  04:39:09,USDJPY,BID,106.935000,106.938000,
20200501  04:39:10,USDJPY,BID,106.935000,106.937000,
20200501  04:39:11,USDJPY,BID,106.934000,106.937000,
20200501  04:39:12,USDJPY,BID,106.934000,106.937000,
20200501  04:39:13,USDJPY,BID,106.934000,106.937000,
20200501  04:39:14,USDJPY,BID,106.937000,106.940000,
20200501  04:39:15,USDJPY,BID,106.937000,106.940000,
20200501  04:39:16,USDJPY,BID,106.937000,106.940000,
20200501  04:39:17,USDJPY,BID,106.937000,106.940000,
20200501  04:39:18,USDJPY,BID,106.937000,106.939000,
20200501  04:39:19,USDJPY,BID,106.937000,106.939000,
20200501  04:39:20,USDJPY,BID,106.938000,106.940000,
20200501  04:39:21,USDJPY,BID,106.938000,106.940000,
20200501  04:39:22,USDJPY,BID,106.937000,106.940000,
20200501  04:39:23,USDJPY,BID,106.937000,106.939000,
20200501  04:39:24,USDJPY,BID,106.937000,106.939000,
20200501  04:39:25,USDJPY,BID,106.937000,106.939000,
20200501  04:39:26,USDJPY,BID,106.937000,106.939000,
20200501  04:39:27,USDJPY,BID,106.937000,106.939000,
20200501  04:39:28,USDJPY,BID,106.937000,106.939000,
20200501  04:39:29,USDJPY,BID,106.937000,106.939000,
20200501  04:39:30,USDJPY,BID,106.937000,106.939000,
20200501  04:39:31,USDJPY,BID,106.937000,106.939000,
20200501  04:39:32,USDJPY,BID,106.937000,106.939000,
20200501  04:39:33,USDJPY,BID,106.937000,106.939000,
20200501  04:39:34,USDJPY,BID,106.937000,106.939000,
20200501  04:39:35,USDJPY,BID,106.937000,106.939000,
20200501  04:39:36,USDJPY,BID,106.937000,106.939000,
20200501  04:39:37,USDJPY,BID,106.937000,106.939000,
20200501  04:39:38,USDJPY,BID,106.937000,106.939000,
20200501  04:39:39,USDJPY,BID,106.937000,106.939000,
20200501  04:39:40,USDJPY,BID,106.937000,106.939000,
20200501  04:39:41,USDJPY,BID,106.937000,106.939000,
20200501  04:39:42,USDJPY,BID,106.936000,106.938000,
20200501  04:39:43,USDJPY,BID,106.936000,106.938000,
20200501  04:39:44,USDJPY,BID,106.936000,106.938000,
20200501  04:39:45,USDJPY,BID,106.936000,106.937000,
20200501  04:39:46,USDJPY,BID,106.936000,106.937000,
20200501  04:39:47,USDJPY,BID,106.934000,106.935000,
20200501  04:39:48,USDJPY,BID,106.933000,106.935000,
20200501  04:39:49,USDJPY,BID,106.933000,106.935000,
20200501  04:39:50,USDJPY,BID,106.934000,106.935000,
20200501  04:39:51,USDJPY,BID,106.934000,106.935000,
20200501  04:39:52,USDJPY,BID,106.934000,106.935000,
20200501  04:39:53,USDJPY,BID,106.934000,106.935000,
20200501  04:39:54,USDJPY,BID,106.934000,106.935000,
20200501  04:39:55,USDJPY,BID,106.934000,106.935000,
20200501  04:39:56,USDJPY,BID,106.934000,106.935000,
20200501  04:39:57,USDJPY,BID,106.934000,106.935000,
20200501  04:39:58,USDJPY,BID,106.932000,106.934000,
20200501  04:39:59,USDJPY,BID,106.931000,106.934000,
20200501  04:40:00,USDJPY,BID,106.931000,106.934000,
20200501  04:40:01,USDJPY,BID,106.928000,106.929000,
20200501  04:40:02,USDJPY,BID,106.925000,106.927000,
20200501  04:40:03,USDJPY,BID,106.926000,106.927000,
20200501  04:40:04,USDJPY,BID,106.926000,106.928000,
20200501  04:40:05,USDJPY,BID,106.928000,106.930000,
20200501  04:40:06,USDJPY,BID,106.928000,106.930000,
20200501  04:40:07,USDJPY,BID,106.928000,106.930000,
20200501  04:40:08,USDJPY,BID,106.928000,106.929000,
20200501  04:40:09,USDJPY,BID,106.928000,106.929000,
20200501  04:40:10,USDJPY,BID,106.928000,106.930000,
20200501  04:40:11,USDJPY,BID,106.928000,106.930000,
20200501  04:40:12,USDJPY,BID,106.928000,106.930000,
20200501  04:40:13,USDJPY,BID,106.928000,106.930000,
20200501  04:40:14,USDJPY,BID,106.928000,106.930000,
20200501  04:40:15,USDJPY,BID,106.928000,106.930000,
20200501  04:40:16,USDJPY,BID,106.928000,106.930000,
20200501  04:40:17,USDJPY,BID,106.928000,106.930000,
20200501  04:40:18,USDJPY,BID,106.928000,106.930000,
20200501  04:40:19,USDJPY,BID,106.928000,106.930000,
20200501  04:40:20,USDJPY,BID,106.928000,106.930000,
20200501  04:40:21,USDJPY,BID,106.928000,106.930000,
20200501  04:40:22,USDJPY,BID,106.928000,106.930000,
20200501  04:40:23,USDJPY,BID,106.926000,106.929000,
20200501  04:40:24,USDJPY,BID,106.923000,106.925000,
20200501  04:40:25,USDJPY,BID,106.923000,106.925000,
20200501  04:40:26,USDJPY,BID,106.923000,106.925000,
20200501  04:40:27,USDJPY,BID,106.924000,106.925000,
20200501  04:40:28,USDJPY,BID,106.927000,106.928000,
20200501  04:40:29,USDJPY,BID,106.927000,106.928000,
20200501  04:40:30,USDJPY,BID,106.926000,106.928000,
20200501  04:40:31,USDJPY,BID,106.926000,106.928000,
20200501  04:40:32,USDJPY,BID,106.926000,106.928000,
20200501  04:40:33,USDJPY,BID,106.926000,106.928000,
20200501  04:40:34,USDJPY,BID,106.926000,106.928000,
20200501  04:40:35,USDJPY,BID,106.926000,106.928000,
20200501  04:40:36,USDJPY,BID,106.926000,106.927000,
20200501  04:40:37,USDJPY,BID,106.925000,106.928000,
20200501  04:40:38,USDJPY,BID,106.925000,106.928000,
20200501  04:40:39,USDJPY,BID,106.925000,106.928000,
20200501  04:40:40,USDJPY,BID,106.925000,106.928000,
20200501  04:40:41,USDJPY,BID,106.925000,106.926000,
20200501  04:40:42,USDJPY,BID,106.925000,106.927000,
20200501  04:40:43,USDJPY,BID,106.925000,106.927000,
20200501  04:40:44,USDJPY,BID,106.925000,106.926000,
20200501  04:40:45,USDJPY,BID,106.925000,106.927000,
20200501  04:40:46,USDJPY,BID,106.925000,106.927000,
20200501  04:40:47,USDJPY,BID,106.925000,106.927000,
20200501  04:40:48,USDJPY,BID,106.925000,106.927000,
20200501  04:40:49,USDJPY,BID,106.925000,106.927000,
20200501  04:40:50,USDJPY,BID,106.925000,106.927000,
20200501  04:40:51,USDJPY,BID,106.925000,106.927000,
20200501  04:40:52,USDJPY,BID,106.925000,106.927000,
20200501  04:40:53,USDJPY,BID,106.925000,106.927000,
20200501  04:40:54,USDJPY,BID,106.925000,106.927000,
20200501  04:40:55,USDJPY,BID,106.925000,106.927000,
20200501  04:40:56,USDJPY,BID,106.925000,106.927000,
20200501  04:40:57,USDJPY,BID,106.924000,106.927000,
20200501  04:40:58,USDJPY,BID,106.922000,106.925000,
20200501  04:40:59,USDJPY,BID,106.924000,106.925000,
20200501  04:41:00,USDJPY,BID,106.924000,106.926000,
20200501  04:41:01,USDJPY,BID,106.930000,106.931000,
20200501  04:41:02,USDJPY,BID,106.930000,106.931000,
20200501  04:41:03,USDJPY,BID,106.929000,106.930000,
20200501  04:41:04,USDJPY,BID,106.929000,106.930000,
20200501  04:41:05,USDJPY,BID,106.929000,106.930000,
20200501  04:41:06,USDJPY,BID,106.928000,106.930000,
20200501  04:41:07,USDJPY,BID,106.928000,106.930000,
20200501  04:41:08,USDJPY,BID,106.928000,106.930000,
20200501  04:41:09,USDJPY,BID,106.928000,106.930000,
20200501  04:41:10,USDJPY,BID,106.928000,106.930000,
20200501  04:41:11,USDJPY,BID,106.928000,106.930000,
20200501  04:41:12,USDJPY,BID,106.928000,106.930000,
20200501  04:41:13,USDJPY,BID,106.928000,106.930000,
20200501  04:41:14,USDJPY,BID,106.931000,106.932000,
20200501  04:41:15,USDJPY,BID,106.932000,106.933000,
20200501  04:41:16,USDJPY,BID,106.932000,106.933000,
20200501  04:41:17,USDJPY,BID,106.932000,106.933000,
20200501  04:41:18,USDJPY,BID,106.932000,106.933000,
20200501  04:41:19,USDJPY,BID,106.933000,106.935000,
20200501  04:41:20,USDJPY,BID,106.936000,106.937000,
20200501  04:41:21,USDJPY,BID,106.936000,106.937000,
20200501  04:41:22,USDJPY,BID,106.936000,106.937000,
20200501  04:41:23,USDJPY,BID,106.934000,106.936000,
20200501  04:41:24,USDJPY,BID,106.934000,106.936000,
20200501  04:41:25,USDJPY,BID,106.934000,106.935000,
20200501  04:41:26,USDJPY,BID,106.934000,106.935000,
20200501  04:41:27,USDJPY,BID,106.933000,106.935000,
20200501  04:41:28,USDJPY,BID,106.931000,106.933000,
20200501  04:41:29,USDJPY,BID,106.931000,106.933000,
20200501  04:41:30,USDJPY,BID,106.929000,106.930000,
20200501  04:41:31,USDJPY,BID,106.927000,106.928000,
20200501  04:41:32,USDJPY,BID,106.926000,106.927000,
20200501  04:41:33,USDJPY,BID,106.926000,106.927000,
20200501  04:41:34,USDJPY,BID,106.926000,106.927000,
20200501  04:41:35,USDJPY,BID,106.926000,106.927000,
20200501  04:41:36,USDJPY,BID,106.926000,106.927000,
20200501  04:41:37,USDJPY,BID,106.926000,106.927000,
20200501  04:41:38,USDJPY,BID,106.926000,106.927000,
20200501  04:41:39,USDJPY,BID,106.926000,106.927000,
20200501  04:41:40,USDJPY,BID,106.925000,106.927000,
20200501  04:41:41,USDJPY,BID,106.922000,106.923000,
20200501  04:41:42,USDJPY,BID,106.921000,106.923000,
20200501  04:41:43,USDJPY,BID,106.921000,106.923000,
20200501  04:41:44,USDJPY,BID,106.921000,106.923000,
20200501  04:41:45,USDJPY,BID,106.921000,106.923000,
20200501  04:41:46,USDJPY,BID,106.922000,106.925000,
20200501  04:41:47,USDJPY,BID,106.922000,106.925000,
20200501  04:41:48,USDJPY,BID,106.917000,106.919000,
20200501  04:41:49,USDJPY,BID,106.917000,106.919000,
20200501  04:41:50,USDJPY,BID,106.917000,106.919000,
20200501  04:41:51,USDJPY,BID,106.918000,106.920000,
20200501  04:41:52,USDJPY,BID,106.918000,106.920000,
20200501  04:41:53,USDJPY,BID,106.918000,106.919000,
20200501  04:41:54,USDJPY,BID,106.918000,106.919000,
20200501  04:41:55,USDJPY,BID,106.917000,106.920000,
20200501  04:41:56,USDJPY,BID,106.917000,106.919000,
20200501  04:41:57,USDJPY,BID,106.917000,106.919000,
20200501  04:41:58,USDJPY,BID,106.917000,106.919000,
20200501  04:41:59,USDJPY,BID,106.917000,106.919000,
20200501  04:42:00,USDJPY,BID,106.918000,106.921000,
20200501  04:42:01,USDJPY,BID,106.918000,106.920000,
20200501  04:42:02,USDJPY,BID,106.918000,106.920000,
20200501  04:42:03,USDJPY,BID,106.918000,106.920000,
20200501  04:42:04,USDJPY,BID,106.918000,106.920000,
20200501  04:42:05,USDJPY,BID,106.918000,106.920000,
20200501  04:42:06,USDJPY,BID,106.919000,106.920000,
20200501  04:42:07,USDJPY,BID,106.918000,106.920000,
20200501  04:42:08,USDJPY,BID,106.918000,106.920000,
20200501  04:42:09,USDJPY,BID,106.918000,106.921000,
20200501  04:42:10,USDJPY,BID,106.918000,106.920000,
20200501  04:42:11,USDJPY,BID,106.918000,106.920000,
20200501  04:42:12,USDJPY,BID,106.918000,106.920000,
20200501  04:42:13,USDJPY,BID,106.918000,106.920000,
20200501  04:42:14,USDJPY,BID,106.918000,106.920000,
20200501  04:42:15,USDJPY,BID,106.918000,106.920000,
20200501  04:42:16,USDJPY,BID,106.918000,106.920000,
20200501  04:42:17,USDJPY,BID,106.918000,106.919000,
20200501  04:42:18,USDJPY,BID,106.918000,106.920000,
20200501  04:42:19,USDJPY,BID,106.914000,106.916000,
20200501  04:42:20,USDJPY,BID,106.913000,106.915000,
20200501  04:42:21,USDJPY,BID,106.913000,106.915000,
20200501  04:42:22,USDJPY,BID,106.913000,106.915000,
20200501  04:42:23,USDJPY,BID,106.913000,106.915000,
20200501  04:42:24,USDJPY,BID,106.910000,106.911000,
20200501  04:42:25,USDJPY,BID,106.911000,106.913000,
20200501  04:42:26,USDJPY,BID,106.909000,106.910000,
20200501  04:42:27,USDJPY,BID,106.909000,106.910000,
20200501  04:42:28,USDJPY,BID,106.906000,106.908000,
20200501  04:42:29,USDJPY,BID,106.902000,106.903000,
20200501  04:42:30,USDJPY,BID,106.902000,106.903000,
20200501  04:42:31,USDJPY,BID,106.902000,106.903000,
20200501  04:42:32,USDJPY,BID,106.899000,106.900000,
20200501  04:42:33,USDJPY,BID,106.902000,106.903000,
20200501  04:42:34,USDJPY,BID,106.900000,106.902000,
20200501  04:42:35,USDJPY,BID,106.888000,106.889000,
20200501  04:42:36,USDJPY,BID,106.887000,106.890000,
20200501  04:42:37,USDJPY,BID,106.887000,106.889000,
20200501  04:42:38,USDJPY,BID,106.887000,106.889000,
20200501  04:42:39,USDJPY,BID,106.889000,106.892000,
20200501  04:42:40,USDJPY,BID,106.889000,106.892000,
20200501  04:42:41,USDJPY,BID,106.889000,106.892000,
20200501  04:42:42,USDJPY,BID,106.889000,106.892000,
20200501  04:42:43,USDJPY,BID,106.891000,106.893000,
20200501  04:42:44,USDJPY,BID,106.891000,106.893000,
20200501  04:42:45,USDJPY,BID,106.891000,106.894000,
20200501  04:42:46,USDJPY,BID,106.895000,106.898000,
20200501  04:42:47,USDJPY,BID,106.895000,106.898000,
20200501  04:42:48,USDJPY,BID,106.895000,106.898000,
20200501  04:42:49,USDJPY,BID,106.903000,106.905000,
20200501  04:42:50,USDJPY,BID,106.898000,106.899000,
20200501  04:42:51,USDJPY,BID,106.896000,106.898000,
20200501  04:42:52,USDJPY,BID,106.896000,106.898000,
20200501  04:42:53,USDJPY,BID,106.896000,106.898000,
20200501  04:42:54,USDJPY,BID,106.896000,106.898000,
20200501  04:42:55,USDJPY,BID,106.897000,106.899000,
20200501  04:42:56,USDJPY,BID,106.897000,106.899000,
20200501  04:42:57,USDJPY,BID,106.897000,106.899000,
20200501  04:42:58,USDJPY,BID,106.899000,106.900000,
20200501  04:42:59,USDJPY,BID,106.899000,106.901000,
20200501  04:43:00,USDJPY,BID,106.901000,106.903000,
20200501  04:43:01,USDJPY,BID,106.900000,106.902000,
20200501  04:43:02,USDJPY,BID,106.902000,106.905000,
20200501  04:43:03,USDJPY,BID,106.903000,106.905000,
20200501  04:43:04,USDJPY,BID,106.903000,106.905000,
20200501  04:43:05,USDJPY,BID,106.903000,106.905000,
20200501  04:43:06,USDJPY,BID,106.903000,106.905000,
20200501  04:43:07,USDJPY,BID,106.903000,106.905000,
20200501  04:43:08,USDJPY,BID,106.902000,106.905000,
20200501  04:43:09,USDJPY,BID,106.902000,106.905000,
20200501  04:43:10,USDJPY,BID,106.904000,106.906000,
20200501  04:43:11,USDJPY,BID,106.904000,106.906000,
20200501  04:43:12,USDJPY,BID,106.907000,106.908000,
20200501  04:43:13,USDJPY,BID,106.900000,106.901000,
20200501  04:43:14,USDJPY,BID,106.901000,106.903000,
20200501  04:43:15,USDJPY,BID,106.900000,106.903000,
20200501  04:43:16,USDJPY,BID,106.902000,106.904000,
20200501  04:43:17,USDJPY,BID,106.901000,106.904000,
20200501  04:43:18,USDJPY,BID,106.901000,106.904000,
20200501  04:43:19,USDJPY,BID,106.901000,106.904000,
20200501  04:43:20,USDJPY,BID,106.901000,106.904000,
20200501  04:43:21,USDJPY,BID,106.901000,106.903000,
20200501  04:43:22,USDJPY,BID,106.901000,106.904000,
20200501  04:43:23,USDJPY,BID,106.901000,106.904000,
20200501  04:43:24,USDJPY,BID,106.901000,106.904000,
20200501  04:43:25,USDJPY,BID,106.901000,106.904000,
20200501  04:43:26,USDJPY,BID,106.901000,106.904000,
20200501  04:43:27,USDJPY,BID,106.901000,106.904000,
20200501  04:43:28,USDJPY,BID,106.902000,106.904000,
20200501  04:43:29,USDJPY,BID,106.902000,106.906000,
20200501  04:43:30,USDJPY,BID,106.903000,106.906000,
20200501  04:43:31,USDJPY,BID,106.903000,106.906000,
20200501  04:43:32,USDJPY,BID,106.904000,106.905000,
20200501  04:43:33,USDJPY,BID,106.904000,106.906000,
20200501  04:43:34,USDJPY,BID,106.905000,106.909000,
20200501  04:43:35,USDJPY,BID,106.909000,106.913000,
20200501  04:43:36,USDJPY,BID,106.909000,106.912000,
20200501  04:43:37,USDJPY,BID,106.909000,106.912000,
20200501  04:43:38,USDJPY,BID,106.909000,106.912000,
20200501  04:43:39,USDJPY,BID,106.910000,106.913000,
20200501  04:43:40,USDJPY,BID,106.913000,106.916000,
20200501  04:43:41,USDJPY,BID,106.914000,106.916000,
20200501  04:43:42,USDJPY,BID,106.914000,106.916000,
20200501  04:43:43,USDJPY,BID,106.914000,106.916000,
20200501  04:43:44,USDJPY,BID,106.911000,106.912000,
20200501  04:43:45,USDJPY,BID,106.909000,106.912000,
20200501  04:43:46,USDJPY,BID,106.909000,106.912000,
20200501  04:43:47,USDJPY,BID,106.909000,106.912000,
20200501  04:43:48,USDJPY,BID,106.909000,106.912000,
20200501  04:43:49,USDJPY,BID,106.909000,106.911000,
20200501  04:43:50,USDJPY,BID,106.905000,106.907000,
20200501  04:43:51,USDJPY,BID,106.905000,106.907000,
20200501  04:43:52,USDJPY,BID,106.904000,106.907000,
20200501  04:43:53,USDJPY,BID,106.903000,106.906000,
20200501  04:43:54,USDJPY,BID,106.903000,106.906000,
20200501  04:43:55,USDJPY,BID,106.903000,106.906000,
20200501  04:43:56,USDJPY,BID,106.903000,106.905000,
20200501  04:43:57,USDJPY,BID,106.903000,106.905000,
20200501  04:43:58,USDJPY,BID,106.903000,106.905000,
20200501  04:43:59,USDJPY,BID,106.903000,106.905000,
20200501  04:44:00,USDJPY,BID,106.903000,106.905000,
20200501  04:44:01,USDJPY,BID,106.903000,106.905000,
20200501  04:44:02,USDJPY,BID,106.903000,106.905000,
20200501  04:44:03,USDJPY,BID,106.903000,106.905000,
20200501  04:44:04,USDJPY,BID,106.903000,106.905000,
20200501  04:44:05,USDJPY,BID,106.903000,106.906000,
20200501  04:44:06,USDJPY,BID,106.903000,106.906000,
20200501  04:44:07,USDJPY,BID,106.903000,106.905000,
20200501  04:44:08,USDJPY,BID,106.903000,106.905000,
20200501  04:44:09,USDJPY,BID,106.903000,106.905000,
20200501  04:44:10,USDJPY,BID,106.901000,106.902000,
20200501  04:44:11,USDJPY,BID,106.900000,106.902000,
20200501  04:44:12,USDJPY,BID,106.899000,106.901000,
20200501  04:44:13,USDJPY,BID,106.899000,106.901000,
20200501  04:44:14,USDJPY,BID,106.899000,106.901000,
20200501  04:44:15,USDJPY,BID,106.899000,106.900000,
20200501  04:44:16,USDJPY,BID,106.904000,106.905000,
20200501  04:44:17,USDJPY,BID,106.903000,106.906000,
20200501  04:44:18,USDJPY,BID,106.904000,106.906000,
20200501  04:44:19,USDJPY,BID,106.908000,106.911000,
20200501  04:44:20,USDJPY,BID,106.908000,106.911000,
20200501  04:44:21,USDJPY,BID,106.904000,106.907000,
20200501  04:44:22,USDJPY,BID,106.905000,106.907000,
20200501  04:44:23,USDJPY,BID,106.905000,106.907000,
20200501  04:44:24,USDJPY,BID,106.905000,106.907000,
20200501  04:44:25,USDJPY,BID,106.905000,106.907000,
20200501  04:44:26,USDJPY,BID,106.905000,106.907000,
20200501  04:44:27,USDJPY,BID,106.905000,106.907000,
20200501  04:44:28,USDJPY,BID,106.905000,106.907000,
20200501  04:44:29,USDJPY,BID,106.909000,106.910000,
20200501  04:44:30,USDJPY,BID,106.909000,106.911000,
20200501  04:44:31,USDJPY,BID,106.911000,106.912000,
20200501  04:44:32,USDJPY,BID,106.910000,106.911000,
20200501  04:44:33,USDJPY,BID,106.910000,106.911000,
20200501  04:44:34,USDJPY,BID,106.910000,106.911000,
20200501  04:44:35,USDJPY,BID,106.910000,106.911000,
20200501  04:44:36,USDJPY,BID,106.910000,106.911000,
20200501  04:44:37,USDJPY,BID,106.910000,106.911000,
20200501  04:44:38,USDJPY,BID,106.910000,106.911000,
20200501  04:44:39,USDJPY,BID,106.903000,106.905000,
20200501  04:44:40,USDJPY,BID,106.903000,106.904000,
20200501  04:44:41,USDJPY,BID,106.904000,106.905000,
20200501  04:44:42,USDJPY,BID,106.901000,106.903000,
20200501  04:44:43,USDJPY,BID,106.904000,106.905000,
20200501  04:44:44,USDJPY,BID,106.904000,106.905000,
20200501  04:44:45,USDJPY,BID,106.903000,106.904000,
20200501  04:44:46,USDJPY,BID,106.903000,106.904000,
20200501  04:44:47,USDJPY,BID,106.903000,106.904000,
20200501  04:44:48,USDJPY,BID,106.903000,106.904000,
20200501  04:44:49,USDJPY,BID,106.903000,106.904000,
20200501  04:44:50,USDJPY,BID,106.902000,106.903000,
20200501  04:44:51,USDJPY,BID,106.903000,106.904000,
20200501  04:44:52,USDJPY,BID,106.905000,106.906000,
20200501  04:44:53,USDJPY,BID,106.908000,106.909000,
20200501  04:44:54,USDJPY,BID,106.906000,106.909000,
20200501  04:44:55,USDJPY,BID,106.906000,106.909000,
20200501  04:44:56,USDJPY,BID,106.909000,106.911000,
20200501  04:44:57,USDJPY,BID,106.910000,106.912000,
20200501  04:44:58,USDJPY,BID,106.910000,106.911000,
20200501  04:44:59,USDJPY,BID,106.910000,106.912000,
20200501  04:45:00,USDJPY,BID,106.909000,106.911000,
20200501  04:45:01,USDJPY,BID,106.909000,106.911000,
20200501  04:45:02,USDJPY,BID,106.909000,106.911000,
20200501  04:45:03,USDJPY,BID,106.909000,106.911000,
20200501  04:45:04,USDJPY,BID,106.909000,106.911000,
20200501  04:45:05,USDJPY,BID,106.908000,106.909000,
20200501  04:45:06,USDJPY,BID,106.908000,106.909000,
20200501  04:45:07,USDJPY,BID,106.908000,106.909000,
20200501  04:45:08,USDJPY,BID,106.908000,106.909000,
20200501  04:45:09,USDJPY,BID,106.908000,106.909000,
20200501  04:45:10,USDJPY,BID,106.908000,106.909000,
20200501  04:45:11,USDJPY,BID,106.908000,106.909000,
20200501  04:45:12,USDJPY,BID,106.909000,106.910000,
20200501  04:45:13,USDJPY,BID,106.909000,106.910000,
20200501  04:45:14,USDJPY,BID,106.909000,106.910000,
20200501  04:45:15,USDJPY,BID,106.909000,106.912000,
20200501  04:45:16,USDJPY,BID,106.909000,106.912000,
20200501  04:45:17,USDJPY,BID,106.909000,106.912000,
20200501  04:45:18,USDJPY,BID,106.909000,106.911000,
20200501  04:45:19,USDJPY,BID,106.913000,106.914000,
20200501  04:45:20,USDJPY,BID,106.914000,106.916000,
20200501  04:45:21,USDJPY,BID,106.914000,106.916000,
20200501  04:45:22,USDJPY,BID,106.914000,106.916000,
20200501  04:45:23,USDJPY,BID,106.914000,106.916000,
20200501  04:45:24,USDJPY,BID,106.914000,106.915000,
20200501  04:45:25,USDJPY,BID,106.916000,106.917000,
20200501  04:45:26,USDJPY,BID,106.915000,106.917000,
20200501  04:45:27,USDJPY,BID,106.915000,106.917000,
20200501  04:45:28,USDJPY,BID,106.915000,106.917000,
20200501  04:45:29,USDJPY,BID,106.914000,106.916000,
20200501  04:45:30,USDJPY,BID,106.914000,106.916000,
20200501  04:45:31,USDJPY,BID,106.914000,106.916000,
20200501  04:45:32,USDJPY,BID,106.909000,106.911000,
20200501  04:45:33,USDJPY,BID,106.909000,106.911000,
20200501  04:45:34,USDJPY,BID,106.911000,106.912000,
20200501  04:45:35,USDJPY,BID,106.910000,106.911000,
20200501  04:45:36,USDJPY,BID,106.910000,106.911000,
20200501  04:45:37,USDJPY,BID,106.910000,106.911000,
20200501  04:45:38,USDJPY,BID,106.909000,106.911000,
20200501  04:45:39,USDJPY,BID,106.909000,106.911000,
20200501  04:45:40,USDJPY,BID,106.909000,106.911000,
20200501  04:45:41,USDJPY,BID,106.909000,106.911000,
20200501  04:45:42,USDJPY,BID,106.909000,106.911000,
20200501  04:45:43,USDJPY,BID,106.909000,106.911000,
20200501  04:45:44,USDJPY,BID,106.909000,106.911000,
20200501  04:45:45,USDJPY,BID,106.909000,106.911000,
20200501  04:45:46,USDJPY,BID,106.909000,106.911000,
20200501  04:45:47,USDJPY,BID,106.909000,106.911000,
20200501  04:45:48,USDJPY,BID,106.909000,106.911000,
20200501  04:45:49,USDJPY,BID,106.909000,106.911000,
20200501  04:45:50,USDJPY,BID,106.913000,106.914000,
20200501  04:45:51,USDJPY,BID,106.920000,106.921000,
20200501  04:45:52,USDJPY,BID,106.918000,106.919000,
20200501  04:45:53,USDJPY,BID,106.915000,106.916000,
20200501  04:45:54,USDJPY,BID,106.915000,106.916000,
20200501  04:45:55,USDJPY,BID,106.915000,106.916000,
20200501  04:45:56,USDJPY,BID,106.915000,106.916000,
20200501  04:45:57,USDJPY,BID,106.915000,106.916000,
20200501  04:45:58,USDJPY,BID,106.915000,106.917000,
20200501  04:45:59,USDJPY,BID,106.915000,106.917000,
20200501  04:46:00,USDJPY,BID,106.915000,106.917000,
20200501  04:46:01,USDJPY,BID,106.915000,106.917000,
20200501  04:46:02,USDJPY,BID,106.915000,106.917000,
20200501  04:46:03,USDJPY,BID,106.915000,106.917000,
20200501  04:46:04,USDJPY,BID,106.915000,106.918000,
20200501  04:46:05,USDJPY,BID,106.915000,106.918000,
20200501  04:46:06,USDJPY,BID,106.915000,106.918000,
20200501  04:46:07,USDJPY,BID,106.915000,106.917000,
20200501  04:46:08,USDJPY,BID,106.915000,106.917000,
20200501  04:46:09,USDJPY,BID,106.915000,106.917000,
20200501  04:46:10,USDJPY,BID,106.915000,106.917000,
20200501  04:46:11,USDJPY,BID,106.915000,106.917000,
20200501  04:46:12,USDJPY,BID,106.915000,106.917000,
20200501  04:46:13,USDJPY,BID,106.915000,106.917000,
20200501  04:46:14,USDJPY,BID,106.915000,106.917000,
20200501  04:46:15,USDJPY,BID,106.914000,106.917000,
20200501  04:46:16,USDJPY,BID,106.919000,106.921000,
20200501  04:46:17,USDJPY,BID,106.919000,106.921000,
20200501  04:46:18,USDJPY,BID,106.919000,106.921000,
20200501  04:46:19,USDJPY,BID,106.916000,106.918000,
20200501  04:46:20,USDJPY,BID,106.916000,106.918000,
20200501  04:46:21,USDJPY,BID,106.916000,106.918000,
20200501  04:46:22,USDJPY,BID,106.919000,106.921000,
20200501  04:46:23,USDJPY,BID,106.919000,106.921000,
20200501  04:46:24,USDJPY,BID,106.919000,106.920000,
20200501  04:46:25,USDJPY,BID,106.919000,106.921000,
20200501  04:46:26,USDJPY,BID,106.919000,106.921000,
20200501  04:46:27,USDJPY,BID,106.919000,106.921000,
20200501  04:46:28,USDJPY,BID,106.919000,106.921000,
20200501  04:46:29,USDJPY,BID,106.919000,106.921000,
20200501  04:46:30,USDJPY,BID,106.919000,106.921000,
20200501  04:46:31,USDJPY,BID,106.919000,106.921000,
20200501  04:46:32,USDJPY,BID,106.917000,106.919000,
20200501  04:46:33,USDJPY,BID,106.917000,106.920000,
20200501  04:46:34,USDJPY,BID,106.919000,106.921000,
20200501  04:46:35,USDJPY,BID,106.919000,106.921000,
20200501  04:46:36,USDJPY,BID,106.919000,106.921000,
20200501  04:46:37,USDJPY,BID,106.919000,106.921000,
20200501  04:46:38,USDJPY,BID,106.919000,106.920000,
20200501  04:46:39,USDJPY,BID,106.919000,106.920000,
20200501  04:46:40,USDJPY,BID,106.911000,106.914000,
20200501  04:46:41,USDJPY,BID,106.909000,106.912000,
20200501  04:46:42,USDJPY,BID,106.909000,106.911000,
20200501  04:46:43,USDJPY,BID,106.909000,106.911000,
20200501  04:46:44,USDJPY,BID,106.902000,106.904000,
20200501  04:46:45,USDJPY,BID,106.902000,106.904000,
20200501  04:46:46,USDJPY,BID,106.902000,106.904000,
20200501  04:46:47,USDJPY,BID,106.903000,106.904000,
20200501  04:46:48,USDJPY,BID,106.903000,106.904000,
20200501  04:46:49,USDJPY,BID,106.903000,106.905000,
20200501  04:46:50,USDJPY,BID,106.903000,106.904000,
20200501  04:46:51,USDJPY,BID,106.903000,106.905000,
20200501  04:46:52,USDJPY,BID,106.903000,106.905000,
20200501  04:46:53,USDJPY,BID,106.901000,106.902000,
20200501  04:46:54,USDJPY,BID,106.899000,106.903000,
20200501  04:46:55,USDJPY,BID,106.899000,106.901000,
20200501  04:46:56,USDJPY,BID,106.899000,106.901000,
20200501  04:46:57,USDJPY,BID,106.899000,106.902000,
20200501  04:46:58,USDJPY,BID,106.899000,106.902000,
20200501  04:46:59,USDJPY,BID,106.899000,106.902000,
20200501  04:47:00,USDJPY,BID,106.899000,106.902000,
20200501  04:47:01,USDJPY,BID,106.899000,106.902000,
20200501  04:47:02,USDJPY,BID,106.899000,106.902000,
20200501  04:47:03,USDJPY,BID,106.899000,106.902000,
20200501  04:47:04,USDJPY,BID,106.899000,106.902000,
20200501  04:47:05,USDJPY,BID,106.899000,106.902000,
20200501  04:47:06,USDJPY,BID,106.898000,106.900000,
20200501  04:47:07,USDJPY,BID,106.897000,106.900000,
20200501  04:47:08,USDJPY,BID,106.897000,106.900000,
20200501  04:47:09,USDJPY,BID,106.895000,106.897000,
20200501  04:47:10,USDJPY,BID,106.896000,106.897000,
20200501  04:47:11,USDJPY,BID,106.896000,106.897000,
20200501  04:47:12,USDJPY,BID,106.896000,106.898000,
20200501  04:47:13,USDJPY,BID,106.896000,106.898000,
20200501  04:47:14,USDJPY,BID,106.897000,106.899000,
20200501  04:47:15,USDJPY,BID,106.898000,106.899000,
20200501  04:47:16,USDJPY,BID,106.898000,106.899000,
20200501  04:47:17,USDJPY,BID,106.898000,106.899000,
20200501  04:47:18,USDJPY,BID,106.898000,106.899000,
20200501  04:47:19,USDJPY,BID,106.895000,106.896000,
20200501  04:47:20,USDJPY,BID,106.894000,106.896000,
20200501  04:47:21,USDJPY,BID,106.894000,106.897000,
20200501  04:47:22,USDJPY,BID,106.889000,106.892000,
20200501  04:47:23,USDJPY,BID,106.890000,106.892000,
20200501  04:47:24,USDJPY,BID,106.890000,106.892000,
20200501  04:47:25,USDJPY,BID,106.890000,106.892000,
20200501  04:47:26,USDJPY,BID,106.890000,106.892000,
20200501  04:47:27,USDJPY,BID,106.889000,106.892000,
20200501  04:47:28,USDJPY,BID,106.890000,106.893000,
20200501  04:47:29,USDJPY,BID,106.891000,106.895000,
20200501  04:47:30,USDJPY,BID,106.892000,106.894000,
20200501  04:47:31,USDJPY,BID,106.889000,106.892000,
20200501  04:47:32,USDJPY,BID,106.889000,106.893000,
20200501  04:47:33,USDJPY,BID,106.884000,106.887000,
20200501  04:47:34,USDJPY,BID,106.886000,106.888000,
20200501  04:47:35,USDJPY,BID,106.886000,106.888000,
20200501  04:47:36,USDJPY,BID,106.886000,106.888000,
20200501  04:47:37,USDJPY,BID,106.884000,106.886000,
20200501  04:47:38,USDJPY,BID,106.884000,106.887000,
20200501  04:47:39,USDJPY,BID,106.884000,106.887000,
20200501  04:47:40,USDJPY,BID,106.891000,106.892000,
20200501  04:47:41,USDJPY,BID,106.891000,106.892000,
20200501  04:47:42,USDJPY,BID,106.891000,106.892000,
20200501  04:47:43,USDJPY,BID,106.891000,106.892000,
20200501  04:47:44,USDJPY,BID,106.891000,106.892000,
20200501  04:47:45,USDJPY,BID,106.891000,106.893000,
20200501  04:47:46,USDJPY,BID,106.892000,106.894000,
20200501  04:47:47,USDJPY,BID,106.892000,106.895000,
20200501  04:47:48,USDJPY,BID,106.892000,106.895000,
20200501  04:47:49,USDJPY,BID,106.892000,106.895000,
20200501  04:47:50,USDJPY,BID,106.891000,106.893000,
20200501  04:47:51,USDJPY,BID,106.891000,106.893000,
20200501  04:47:52,USDJPY,BID,106.891000,106.893000,
20200501  04:47:53,USDJPY,BID,106.891000,106.893000,
20200501  04:47:54,USDJPY,BID,106.892000,106.893000,
20200501  04:47:55,USDJPY,BID,106.892000,106.893000,
20200501  04:47:56,USDJPY,BID,106.892000,106.893000,
20200501  04:47:57,USDJPY,BID,106.892000,106.893000,
20200501  04:47:58,USDJPY,BID,106.892000,106.893000,
20200501  04:47:59,USDJPY,BID,106.892000,106.893000,
20200501  04:48:00,USDJPY,BID,106.892000,106.894000,
20200501  04:48:01,USDJPY,BID,106.891000,106.893000,
20200501  04:48:02,USDJPY,BID,106.892000,106.893000,
20200501  04:48:03,USDJPY,BID,106.892000,106.893000,
20200501  04:48:04,USDJPY,BID,106.892000,106.893000,
20200501  04:48:05,USDJPY,BID,106.888000,106.890000,
20200501  04:48:06,USDJPY,BID,106.888000,106.890000,
20200501  04:48:07,USDJPY,BID,106.888000,106.890000,
20200501  04:48:08,USDJPY,BID,106.888000,106.890000,
20200501  04:48:09,USDJPY,BID,106.888000,106.890000,
20200501  04:48:10,USDJPY,BID,106.887000,106.888000,
20200501  04:48:11,USDJPY,BID,106.887000,106.888000,
20200501  04:48:12,USDJPY,BID,106.886000,106.888000,
20200501  04:48:13,USDJPY,BID,106.885000,106.888000,
20200501  04:48:14,USDJPY,BID,106.892000,106.893000,
20200501  04:48:15,USDJPY,BID,106.891000,106.893000,
20200501  04:48:16,USDJPY,BID,106.891000,106.893000,
20200501  04:48:17,USDJPY,BID,106.891000,106.893000,
20200501  04:48:18,USDJPY,BID,106.891000,106.893000,
20200501  04:48:19,USDJPY,BID,106.891000,106.893000,
20200501  04:48:20,USDJPY,BID,106.892000,106.893000,
20200501  04:48:21,USDJPY,BID,106.892000,106.893000,
20200501  04:48:22,USDJPY,BID,106.892000,106.893000,
20200501  04:48:23,USDJPY,BID,106.891000,106.893000,
20200501  04:48:24,USDJPY,BID,106.891000,106.893000,
20200501  04:48:25,USDJPY,BID,106.891000,106.893000,
20200501  04:48:26,USDJPY,BID,106.891000,106.893000,
20200501  04:48:27,USDJPY,BID,106.892000,106.893000,
20200501  04:48:28,USDJPY,BID,106.888000,106.890000,
20200501  04:48:29,USDJPY,BID,106.888000,106.890000,
20200501  04:48:30,USDJPY,BID,106.888000,106.890000,
20200501  04:48:31,USDJPY,BID,106.888000,106.890000,
20200501  04:48:32,USDJPY,BID,106.886000,106.888000,
20200501  04:48:33,USDJPY,BID,106.886000,106.888000,
20200501  04:48:34,USDJPY,BID,106.886000,106.888000,
20200501  04:48:35,USDJPY,BID,106.886000,106.888000,
20200501  04:48:36,USDJPY,BID,106.888000,106.890000,
20200501  04:48:37,USDJPY,BID,106.888000,106.890000,
20200501  04:48:38,USDJPY,BID,106.892000,106.894000,
20200501  04:48:39,USDJPY,BID,106.890000,106.891000,
20200501  04:48:40,USDJPY,BID,106.890000,106.891000,
20200501  04:48:41,USDJPY,BID,106.890000,106.891000,
20200501  04:48:42,USDJPY,BID,106.890000,106.891000,
20200501  04:48:43,USDJPY,BID,106.890000,106.891000,
20200501  04:48:44,USDJPY,BID,106.890000,106.891000,
20200501  04:48:45,USDJPY,BID,106.887000,106.890000,
20200501  04:48:46,USDJPY,BID,106.887000,106.890000,
20200501  04:48:47,USDJPY,BID,106.888000,106.889000,
20200501  04:48:48,USDJPY,BID,106.887000,106.888000,
20200501  04:48:49,USDJPY,BID,106.887000,106.889000,
20200501  04:48:50,USDJPY,BID,106.887000,106.890000,
20200501  04:48:51,USDJPY,BID,106.887000,106.890000,
20200501  04:48:52,USDJPY,BID,106.887000,106.890000,
20200501  04:48:53,USDJPY,BID,106.887000,106.890000,
20200501  04:48:54,USDJPY,BID,106.887000,106.890000,
20200501  04:48:55,USDJPY,BID,106.887000,106.890000,
20200501  04:48:56,USDJPY,BID,106.885000,106.888000,
20200501  04:48:57,USDJPY,BID,106.885000,106.886000,
20200501  04:48:58,USDJPY,BID,106.885000,106.886000,
20200501  04:48:59,USDJPY,BID,106.885000,106.888000,
20200501  04:49:00,USDJPY,BID,106.885000,106.888000,
20200501  04:49:01,USDJPY,BID,106.885000,106.888000,
20200501  04:49:02,USDJPY,BID,106.885000,106.888000,
20200501  04:49:03,USDJPY,BID,106.880000,106.884000,
20200501  04:49:04,USDJPY,BID,106.878000,106.879000,
20200501  04:49:05,USDJPY,BID,106.877000,106.879000,
20200501  04:49:06,USDJPY,BID,106.877000,106.881000,
20200501  04:49:07,USDJPY,BID,106.877000,106.879000,
20200501  04:49:08,USDJPY,BID,106.876000,106.879000,
20200501  04:49:09,USDJPY,BID,106.876000,106.879000,
20200501  04:49:10,USDJPY,BID,106.876000,106.879000,
20200501  04:49:11,USDJPY,BID,106.876000,106.879000,
20200501  04:49:12,USDJPY,BID,106.876000,106.879000,
20200501  04:49:13,USDJPY,BID,106.876000,106.879000,
20200501  04:49:14,USDJPY,BID,106.878000,106.880000,
20200501  04:49:15,USDJPY,BID,106.879000,106.880000,
20200501  04:49:16,USDJPY,BID,106.878000,106.880000,
20200501  04:49:17,USDJPY,BID,106.879000,106.881000,
20200501  04:49:18,USDJPY,BID,106.879000,106.882000,
20200501  04:49:19,USDJPY,BID,106.879000,106.882000,
20200501  04:49:20,USDJPY,BID,106.879000,106.882000,
20200501  04:49:21,USDJPY,BID,106.878000,106.882000,
20200501  04:49:22,USDJPY,BID,106.879000,106.882000,
20200501  04:49:23,USDJPY,BID,106.879000,106.881000,
20200501  04:49:24,USDJPY,BID,106.879000,106.881000,
20200501  04:49:25,USDJPY,BID,106.879000,106.881000,
20200501  04:49:26,USDJPY,BID,106.879000,106.882000,
20200501  04:49:27,USDJPY,BID,106.879000,106.882000,
20200501  04:49:28,USDJPY,BID,106.879000,106.882000,
20200501  04:49:29,USDJPY,BID,106.879000,106.882000,
20200501  04:49:30,USDJPY,BID,106.879000,106.882000,
20200501  04:49:31,USDJPY,BID,106.879000,106.882000,
20200501  04:49:32,USDJPY,BID,106.879000,106.883000,
20200501  04:49:33,USDJPY,BID,106.879000,106.883000,
20200501  04:49:34,USDJPY,BID,106.879000,106.882000,
20200501  04:49:35,USDJPY,BID,106.879000,106.882000,
20200501  04:49:36,USDJPY,BID,106.879000,106.883000,
20200501  04:49:37,USDJPY,BID,106.879000,106.883000,
20200501  04:49:38,USDJPY,BID,106.879000,106.883000,
20200501  04:49:39,USDJPY,BID,106.879000,106.883000,
20200501  04:49:40,USDJPY,BID,106.879000,106.883000,
20200501  04:49:41,USDJPY,BID,106.879000,106.883000,
20200501  04:49:42,USDJPY,BID,106.879000,106.883000,
20200501  04:49:43,USDJPY,BID,106.879000,106.883000,
20200501  04:49:44,USDJPY,BID,106.879000,106.883000,
20200501  04:49:45,USDJPY,BID,106.879000,106.883000,
20200501  04:49:46,USDJPY,BID,106.879000,106.883000,
20200501  04:49:47,USDJPY,BID,106.879000,106.883000,
20200501  04:49:48,USDJPY,BID,106.880000,106.883000,
20200501  04:49:49,USDJPY,BID,106.881000,106.882000,
20200501  04:49:50,USDJPY,BID,106.881000,106.883000,
20200501  04:49:51,USDJPY,BID,106.888000,106.890000,
20200501  04:49:52,USDJPY,BID,106.888000,106.889000,
20200501  04:49:53,USDJPY,BID,106.888000,106.891000,
20200501  04:49:54,USDJPY,BID,106.888000,106.891000,
20200501  04:49:55,USDJPY,BID,106.892000,106.895000,
20200501  04:49:56,USDJPY,BID,106.892000,106.895000,
20200501  04:49:57,USDJPY,BID,106.892000,106.895000,
20200501  04:49:58,USDJPY,BID,106.892000,106.895000,
20200501  04:49:59,USDJPY,BID,106.892000,106.895000,
20200501  04:50:00,USDJPY,BID,106.894000,106.896000,
20200501  04:50:01,USDJPY,BID,106.894000,106.896000,
20200501  04:50:02,USDJPY,BID,106.894000,106.896000,
20200501  04:50:03,USDJPY,BID,106.894000,106.896000,
20200501  04:50:04,USDJPY,BID,106.894000,106.896000,
20200501  04:50:05,USDJPY,BID,106.898000,106.900000,
20200501  04:50:06,USDJPY,BID,106.898000,106.899000,
20200501  04:50:07,USDJPY,BID,106.899000,106.902000,
20200501  04:50:08,USDJPY,BID,106.900000,106.902000,
20200501  04:50:09,USDJPY,BID,106.900000,106.901000,
20200501  04:50:10,USDJPY,BID,106.900000,106.901000,
20200501  04:50:11,USDJPY,BID,106.899000,106.901000,
20200501  04:50:12,USDJPY,BID,106.899000,106.901000,
20200501  04:50:13,USDJPY,BID,106.899000,106.901000,
20200501  04:50:14,USDJPY,BID,106.899000,106.901000,
20200501  04:50:15,USDJPY,BID,106.898000,106.901000,
20200501  04:50:16,USDJPY,BID,106.898000,106.901000,
20200501  04:50:17,USDJPY,BID,106.898000,106.901000,
20200501  04:50:18,USDJPY,BID,106.898000,106.901000,
20200501  04:50:19,USDJPY,BID,106.900000,106.902000,
20200501  04:50:20,USDJPY,BID,106.898000,106.901000,
20200501  04:50:21,USDJPY,BID,106.898000,106.901000,
20200501  04:50:22,USDJPY,BID,106.898000,106.901000,
20200501  04:50:23,USDJPY,BID,106.898000,106.901000,
20200501  04:50:24,USDJPY,BID,106.898000,106.901000,
20200501  04:50:25,USDJPY,BID,106.898000,106.901000,
20200501  04:50:26,USDJPY,BID,106.898000,106.899000,
20200501  04:50:27,USDJPY,BID,106.898000,106.899000,
20200501  04:50:28,USDJPY,BID,106.898000,106.899000,
20200501  04:50:29,USDJPY,BID,106.893000,106.894000,
20200501  04:50:30,USDJPY,BID,106.891000,106.893000,
20200501  04:50:31,USDJPY,BID,106.891000,106.893000,
20200501  04:50:32,USDJPY,BID,106.891000,106.893000,
20200501  04:50:33,USDJPY,BID,106.888000,106.890000,
20200501  04:50:34,USDJPY,BID,106.886000,106.889000,
20200501  04:50:35,USDJPY,BID,106.887000,106.889000,
20200501  04:50:36,USDJPY,BID,106.887000,106.889000,
20200501  04:50:37,USDJPY,BID,106.887000,106.889000,
20200501  04:50:38,USDJPY,BID,106.890000,106.892000,
20200501  04:50:39,USDJPY,BID,106.890000,106.892000,
20200501  04:50:40,USDJPY,BID,106.890000,106.892000,
20200501  04:50:41,USDJPY,BID,106.890000,106.892000,
20200501  04:50:42,USDJPY,BID,106.890000,106.892000,
20200501  04:50:43,USDJPY,BID,106.890000,106.892000,
20200501  04:50:44,USDJPY,BID,106.889000,106.892000,
20200501  04:50:45,USDJPY,BID,106.890000,106.892000,
20200501  04:50:46,USDJPY,BID,106.890000,106.892000,
20200501  04:50:47,USDJPY,BID,106.889000,106.891000,
20200501  04:50:48,USDJPY,BID,106.889000,106.891000,
20200501  04:50:49,USDJPY,BID,106.889000,106.891000,
20200501  04:50:50,USDJPY,BID,106.889000,106.891000,
20200501  04:50:51,USDJPY,BID,106.889000,106.891000,
20200501  04:50:52,USDJPY,BID,106.889000,106.891000,
20200501  04:50:53,USDJPY,BID,106.889000,106.891000,
20200501  04:50:54,USDJPY,BID,106.889000,106.891000,
20200501  04:50:55,USDJPY,BID,106.889000,106.892000,
20200501  04:50:56,USDJPY,BID,106.890000,106.893000,
20200501  04:50:57,USDJPY,BID,106.890000,106.892000,
20200501  04:50:58,USDJPY,BID,106.890000,106.892000,
20200501  04:50:59,USDJPY,BID,106.890000,106.892000,
20200501  04:51:00,USDJPY,BID,106.890000,106.892000,
20200501  04:51:01,USDJPY,BID,106.890000,106.892000,
20200501  04:51:02,USDJPY,BID,106.890000,106.892000,
20200501  04:51:03,USDJPY,BID,106.890000,106.892000,
20200501  04:51:04,USDJPY,BID,106.890000,106.892000,
20200501  04:51:05,USDJPY,BID,106.890000,106.892000,
20200501  04:51:06,USDJPY,BID,106.890000,106.892000,
20200501  04:51:07,USDJPY,BID,106.890000,106.892000,
20200501  04:51:08,USDJPY,BID,106.891000,106.893000,
20200501  04:51:09,USDJPY,BID,106.892000,106.893000,
20200501  04:51:10,USDJPY,BID,106.890000,106.892000,
20200501  04:51:11,USDJPY,BID,106.890000,106.892000,
20200501  04:51:12,USDJPY,BID,106.890000,106.892000,
20200501  04:51:13,USDJPY,BID,106.881000,106.882000,
20200501  04:51:14,USDJPY,BID,106.881000,106.882000,
20200501  04:51:15,USDJPY,BID,106.880000,106.882000,
20200501  04:51:16,USDJPY,BID,106.880000,106.882000,
20200501  04:51:17,USDJPY,BID,106.880000,106.882000,
20200501  04:51:18,USDJPY,BID,106.880000,106.882000,
20200501  04:51:19,USDJPY,BID,106.880000,106.882000,
20200501  04:51:20,USDJPY,BID,106.880000,106.882000,
20200501  04:51:21,USDJPY,BID,106.880000,106.882000,
20200501  04:51:22,USDJPY,BID,106.880000,106.882000,
20200501  04:51:23,USDJPY,BID,106.880000,106.882000,
20200501  04:51:24,USDJPY,BID,106.881000,106.882000,
20200501  04:51:25,USDJPY,BID,106.881000,106.883000,
20200501  04:51:26,USDJPY,BID,106.881000,106.883000,
20200501  04:51:27,USDJPY,BID,106.884000,106.886000,
20200501  04:51:28,USDJPY,BID,106.884000,106.886000,
20200501  04:51:29,USDJPY,BID,106.888000,106.890000,
20200501  04:51:30,USDJPY,BID,106.889000,106.891000,
20200501  04:51:31,USDJPY,BID,106.889000,106.892000,
20200501  04:51:32,USDJPY,BID,106.891000,106.892000,
20200501  04:51:33,USDJPY,BID,106.891000,106.893000,
20200501  04:51:34,USDJPY,BID,106.891000,106.893000,
20200501  04:51:35,USDJPY,BID,106.891000,106.893000,
20200501  04:51:36,USDJPY,BID,106.891000,106.892000,
20200501  04:51:37,USDJPY,BID,106.891000,106.893000,
20200501  04:51:38,USDJPY,BID,106.892000,106.893000,
20200501  04:51:39,USDJPY,BID,106.892000,106.893000,
20200501  04:51:40,USDJPY,BID,106.892000,106.893000,
20200501  04:51:41,USDJPY,BID,106.892000,106.893000,
20200501  04:51:42,USDJPY,BID,106.892000,106.893000,
20200501  04:51:43,USDJPY,BID,106.892000,106.893000,
20200501  04:51:44,USDJPY,BID,106.892000,106.893000,
20200501  04:51:45,USDJPY,BID,106.892000,106.895000,
20200501  04:51:46,USDJPY,BID,106.892000,106.895000,
20200501  04:51:47,USDJPY,BID,106.892000,106.895000,
20200501  04:51:48,USDJPY,BID,106.892000,106.895000,
20200501  04:51:49,USDJPY,BID,106.892000,106.895000,
20200501  04:51:50,USDJPY,BID,106.892000,106.895000,
20200501  04:51:51,USDJPY,BID,106.891000,106.892000,
20200501  04:51:52,USDJPY,BID,106.890000,106.892000,
20200501  04:51:53,USDJPY,BID,106.890000,106.892000,
20200501  04:51:54,USDJPY,BID,106.890000,106.892000,
20200501  04:51:55,USDJPY,BID,106.889000,106.891000,
20200501  04:51:56,USDJPY,BID,106.887000,106.889000,
20200501  04:51:57,USDJPY,BID,106.886000,106.889000,
20200501  04:51:58,USDJPY,BID,106.886000,106.889000,
20200501  04:51:59,USDJPY,BID,106.886000,106.889000,
20200501  04:52:00,USDJPY,BID,106.888000,106.890000,
20200501  04:52:01,USDJPY,BID,106.888000,106.891000,
20200501  04:52:02,USDJPY,BID,106.888000,106.891000,
20200501  04:52:03,USDJPY,BID,106.888000,106.891000,
20200501  04:52:04,USDJPY,BID,106.888000,106.891000,
20200501  04:52:05,USDJPY,BID,106.889000,106.891000,
20200501  04:52:06,USDJPY,BID,106.889000,106.891000,
20200501  04:52:07,USDJPY,BID,106.889000,106.891000,
20200501  04:52:08,USDJPY,BID,106.888000,106.890000,
20200501  04:52:09,USDJPY,BID,106.883000,106.885000,
20200501  04:52:10,USDJPY,BID,106.885000,106.888000,
20200501  04:52:11,USDJPY,BID,106.887000,106.890000,
20200501  04:52:12,USDJPY,BID,106.887000,106.890000,
20200501  04:52:13,USDJPY,BID,106.886000,106.890000,
20200501  04:52:14,USDJPY,BID,106.886000,106.890000,
20200501  04:52:15,USDJPY,BID,106.886000,106.890000,
20200501  04:52:16,USDJPY,BID,106.886000,106.890000,
20200501  04:52:17,USDJPY,BID,106.886000,106.890000,
20200501  04:52:18,USDJPY,BID,106.886000,106.890000,
20200501  04:52:19,USDJPY,BID,106.886000,106.890000,
20200501  04:52:20,USDJPY,BID,106.888000,106.890000,
20200501  04:52:21,USDJPY,BID,106.887000,106.890000,
20200501  04:52:22,USDJPY,BID,106.887000,106.890000,
20200501  04:52:23,USDJPY,BID,106.887000,106.890000,
20200501  04:52:24,USDJPY,BID,106.887000,106.890000,
20200501  04:52:25,USDJPY,BID,106.887000,106.890000,
20200501  04:52:26,USDJPY,BID,106.887000,106.890000,
20200501  04:52:27,USDJPY,BID,106.887000,106.890000,
20200501  04:52:28,USDJPY,BID,106.886000,106.890000,
20200501  04:52:29,USDJPY,BID,106.886000,106.890000,
20200501  04:52:30,USDJPY,BID,106.886000,106.890000,
20200501  04:52:31,USDJPY,BID,106.885000,106.886000,
20200501  04:52:32,USDJPY,BID,106.881000,106.885000,
20200501  04:52:33,USDJPY,BID,106.881000,106.883000,
20200501  04:52:34,USDJPY,BID,106.881000,106.883000,
20200501  04:52:35,USDJPY,BID,106.880000,106.882000,
20200501  04:52:36,USDJPY,BID,106.880000,106.883000,
20200501  04:52:37,USDJPY,BID,106.880000,106.883000,
20200501  04:52:38,USDJPY,BID,106.881000,106.883000,
20200501  04:52:39,USDJPY,BID,106.877000,106.879000,
20200501  04:52:40,USDJPY,BID,106.876000,106.879000,
20200501  04:52:41,USDJPY,BID,106.876000,106.879000,
20200501  04:52:42,USDJPY,BID,106.876000,106.879000,
20200501  04:52:43,USDJPY,BID,106.878000,106.881000,
20200501  04:52:44,USDJPY,BID,106.877000,106.881000,
20200501  04:52:45,USDJPY,BID,106.878000,106.881000,
20200501  04:52:46,USDJPY,BID,106.878000,106.881000,
20200501  04:52:47,USDJPY,BID,106.878000,106.881000,
20200501  04:52:48,USDJPY,BID,106.878000,106.881000,
20200501  04:52:49,USDJPY,BID,106.882000,106.884000,
20200501  04:52:50,USDJPY,BID,106.882000,106.884000,
20200501  04:52:51,USDJPY,BID,106.882000,106.884000,
20200501  04:52:52,USDJPY,BID,106.882000,106.884000,
20200501  04:52:53,USDJPY,BID,106.880000,106.882000,
20200501  04:52:54,USDJPY,BID,106.878000,106.880000,
20200501  04:52:55,USDJPY,BID,106.878000,106.880000,
20200501  04:52:56,USDJPY,BID,106.878000,106.880000,
20200501  04:52:57,USDJPY,BID,106.878000,106.879000,
20200501  04:52:58,USDJPY,BID,106.878000,106.879000,
20200501  04:52:59,USDJPY,BID,106.875000,106.876000,
20200501  04:53:00,USDJPY,BID,106.875000,106.877000,
20200501  04:53:01,USDJPY,BID,106.876000,106.879000,
20200501  04:53:02,USDJPY,BID,106.878000,106.880000,
20200501  04:53:03,USDJPY,BID,106.879000,106.881000,
20200501  04:53:04,USDJPY,BID,106.876000,106.879000,
20200501  04:53:05,USDJPY,BID,106.876000,106.879000,
20200501  04:53:06,USDJPY,BID,106.877000,106.880000,
20200501  04:53:07,USDJPY,BID,106.877000,106.880000,
20200501  04:53:08,USDJPY,BID,106.875000,106.878000,
20200501  04:53:09,USDJPY,BID,106.877000,106.878000,
20200501  04:53:10,USDJPY,BID,106.877000,106.878000,
20200501  04:53:11,USDJPY,BID,106.874000,106.876000,
20200501  04:53:12,USDJPY,BID,106.874000,106.876000,
20200501  04:53:13,USDJPY,BID,106.874000,106.876000,
20200501  04:53:14,USDJPY,BID,106.873000,106.876000,
20200501  04:53:15,USDJPY,BID,106.871000,106.874000,
20200501  04:53:16,USDJPY,BID,106.871000,106.874000,
20200501  04:53:17,USDJPY,BID,106.871000,106.874000,
20200501  04:53:18,USDJPY,BID,106.871000,106.875000,
20200501  04:53:19,USDJPY,BID,106.873000,106.876000,
20200501  04:53:20,USDJPY,BID,106.868000,106.871000,
20200501  04:53:21,USDJPY,BID,106.872000,106.875000,
20200501  04:53:22,USDJPY,BID,106.872000,106.875000,
20200501  04:53:23,USDJPY,BID,106.872000,106.876000,
20200501  04:53:24,USDJPY,BID,106.874000,106.877000,
20200501  04:53:25,USDJPY,BID,106.874000,106.877000,
20200501  04:53:26,USDJPY,BID,106.875000,106.878000,
20200501  04:53:27,USDJPY,BID,106.875000,106.878000,
20200501  04:53:28,USDJPY,BID,106.875000,106.876000,
20200501  04:53:29,USDJPY,BID,106.875000,106.876000,
20200501  04:53:30,USDJPY,BID,106.871000,106.872000,
20200501  04:53:31,USDJPY,BID,106.869000,106.871000,
20200501  04:53:32,USDJPY,BID,106.869000,106.871000,
20200501  04:53:33,USDJPY,BID,106.869000,106.871000,
20200501  04:53:34,USDJPY,BID,106.869000,106.871000,
20200501  04:53:35,USDJPY,BID,106.869000,106.871000,
20200501  04:53:36,USDJPY,BID,106.869000,106.871000,
20200501  04:53:37,USDJPY,BID,106.869000,106.871000,
20200501  04:53:38,USDJPY,BID,106.869000,106.871000,
20200501  04:53:39,USDJPY,BID,106.866000,106.868000,
20200501  04:53:40,USDJPY,BID,106.864000,106.865000,
20200501  04:53:41,USDJPY,BID,106.864000,106.865000,
20200501  04:53:42,USDJPY,BID,106.864000,106.865000,
20200501  04:53:43,USDJPY,BID,106.864000,106.865000,
20200501  04:53:44,USDJPY,BID,106.859000,106.861000,
20200501  04:53:45,USDJPY,BID,106.860000,106.861000,
20200501  04:53:46,USDJPY,BID,106.857000,106.860000,
20200501  04:53:47,USDJPY,BID,106.857000,106.860000,
20200501  04:53:48,USDJPY,BID,106.858000,106.860000,
20200501  04:53:49,USDJPY,BID,106.857000,106.860000,
20200501  04:53:50,USDJPY,BID,106.858000,106.860000,
20200501  04:53:51,USDJPY,BID,106.857000,106.861000,
20200501  04:53:52,USDJPY,BID,106.857000,106.861000,
20200501  04:53:53,USDJPY,BID,106.858000,106.861000,
20200501  04:53:54,USDJPY,BID,106.858000,106.861000,
20200501  04:53:55,USDJPY,BID,106.858000,106.861000,
20200501  04:53:56,USDJPY,BID,106.858000,106.861000,
20200501  04:53:57,USDJPY,BID,106.858000,106.861000,
20200501  04:53:58,USDJPY,BID,106.858000,106.861000,
20200501  04:53:59,USDJPY,BID,106.858000,106.861000,
20200501  04:54:00,USDJPY,BID,106.858000,106.861000,
20200501  04:54:01,USDJPY,BID,106.857000,106.859000,
20200501  04:54:02,USDJPY,BID,106.857000,106.859000,
20200501  04:54:03,USDJPY,BID,106.858000,106.860000,
20200501  04:54:04,USDJPY,BID,106.858000,106.860000,
20200501  04:54:05,USDJPY,BID,106.858000,106.860000,
20200501  04:54:06,USDJPY,BID,106.858000,106.860000,
20200501  04:54:07,USDJPY,BID,106.858000,106.861000,
20200501  04:54:08,USDJPY,BID,106.858000,106.861000,
20200501  04:54:09,USDJPY,BID,106.860000,106.861000,
20200501  04:54:10,USDJPY,BID,106.861000,106.863000,
20200501  04:54:11,USDJPY,BID,106.861000,106.863000,
20200501  04:54:12,USDJPY,BID,106.865000,106.866000,
20200501  04:54:13,USDJPY,BID,106.865000,106.866000,
20200501  04:54:14,USDJPY,BID,106.866000,106.868000,
20200501  04:54:15,USDJPY,BID,106.868000,106.870000,
20200501  04:54:16,USDJPY,BID,106.868000,106.871000,
20200501  04:54:17,USDJPY,BID,106.868000,106.871000,
20200501  04:54:18,USDJPY,BID,106.868000,106.871000,
20200501  04:54:19,USDJPY,BID,106.866000,106.868000,
20200501  04:54:20,USDJPY,BID,106.866000,106.869000,
20200501  04:54:21,USDJPY,BID,106.866000,106.869000,
20200501  04:54:22,USDJPY,BID,106.866000,106.869000,
20200501  04:54:23,USDJPY,BID,106.871000,106.873000,
20200501  04:54:24,USDJPY,BID,106.871000,106.873000,
20200501  04:54:25,USDJPY,BID,106.871000,106.873000,
20200501  04:54:26,USDJPY,BID,106.871000,106.873000,
20200501  04:54:27,USDJPY,BID,106.871000,106.873000,
20200501  04:54:28,USDJPY,BID,106.868000,106.869000,
20200501  04:54:29,USDJPY,BID,106.865000,106.868000,
20200501  04:54:30,USDJPY,BID,106.865000,106.867000,
20200501  04:54:31,USDJPY,BID,106.865000,106.867000,
20200501  04:54:32,USDJPY,BID,106.865000,106.867000,
20200501  04:54:33,USDJPY,BID,106.865000,106.867000,
20200501  04:54:34,USDJPY,BID,106.865000,106.867000,
20200501  04:54:35,USDJPY,BID,106.860000,106.863000,
20200501  04:54:36,USDJPY,BID,106.861000,106.864000,
20200501  04:54:37,USDJPY,BID,106.861000,106.864000,
20200501  04:54:38,USDJPY,BID,106.861000,106.864000,
20200501  04:54:39,USDJPY,BID,106.861000,106.865000,
20200501  04:54:40,USDJPY,BID,106.862000,106.864000,
20200501  04:54:41,USDJPY,BID,106.862000,106.864000,
20200501  04:54:42,USDJPY,BID,106.862000,106.864000,
20200501  04:54:43,USDJPY,BID,106.862000,106.864000,
20200501  04:54:44,USDJPY,BID,106.862000,106.865000,
20200501  04:54:45,USDJPY,BID,106.862000,106.865000,
20200501  04:54:46,USDJPY,BID,106.862000,106.865000,
20200501  04:54:47,USDJPY,BID,106.863000,106.867000,
20200501  04:54:48,USDJPY,BID,106.863000,106.867000,
20200501  04:54:49,USDJPY,BID,106.863000,106.867000,
20200501  04:54:50,USDJPY,BID,106.864000,106.866000,
20200501  04:54:51,USDJPY,BID,106.864000,106.866000,
20200501  04:54:52,USDJPY,BID,106.864000,106.866000,
20200501  04:54:53,USDJPY,BID,106.863000,106.866000,
20200501  04:54:54,USDJPY,BID,106.863000,106.866000,
20200501  04:54:55,USDJPY,BID,106.863000,106.866000,
20200501  04:54:56,USDJPY,BID,106.863000,106.866000,
20200501  04:54:57,USDJPY,BID,106.863000,106.867000,
20200501  04:54:58,USDJPY,BID,106.864000,106.867000,
20200501  04:54:59,USDJPY,BID,106.864000,106.867000,
20200501  04:55:00,USDJPY,BID,106.864000,106.866000,
20200501  04:55:01,USDJPY,BID,106.868000,106.871000,
20200501  04:55:02,USDJPY,BID,106.868000,106.871000,
20200501  04:55:03,USDJPY,BID,106.868000,106.871000,
20200501  04:55:04,USDJPY,BID,106.868000,106.871000,
20200501  04:55:05,USDJPY,BID,106.868000,106.871000,
20200501  04:55:06,USDJPY,BID,106.867000,106.870000,
20200501  04:55:07,USDJPY,BID,106.860000,106.863000,
20200501  04:55:08,USDJPY,BID,106.860000,106.863000,
20200501  04:55:09,USDJPY,BID,106.860000,106.863000,
20200501  04:55:10,USDJPY,BID,106.860000,106.863000,
20200501  04:55:11,USDJPY,BID,106.861000,106.864000,
20200501  04:55:12,USDJPY,BID,106.861000,106.864000,
20200501  04:55:13,USDJPY,BID,106.863000,106.866000,
20200501  04:55:14,USDJPY,BID,106.863000,106.866000,
20200501  04:55:15,USDJPY,BID,106.864000,106.867000,
20200501  04:55:16,USDJPY,BID,106.864000,106.867000,
20200501  04:55:17,USDJPY,BID,106.864000,106.867000,
20200501  04:55:18,USDJPY,BID,106.858000,106.861000,
20200501  04:55:19,USDJPY,BID,106.858000,106.861000,
20200501  04:55:20,USDJPY,BID,106.858000,106.861000,
20200501  04:55:21,USDJPY,BID,106.858000,106.862000,
20200501  04:55:22,USDJPY,BID,106.858000,106.862000,
20200501  04:55:23,USDJPY,BID,106.858000,106.862000,
20200501  04:55:24,USDJPY,BID,106.858000,106.861000,
20200501  04:55:25,USDJPY,BID,106.858000,106.861000,
20200501  04:55:26,USDJPY,BID,106.858000,106.861000,
20200501  04:55:27,USDJPY,BID,106.858000,106.862000,
20200501  04:55:28,USDJPY,BID,106.858000,106.862000,
20200501  04:55:29,USDJPY,BID,106.860000,106.863000,
20200501  04:55:30,USDJPY,BID,106.861000,106.865000,
20200501  04:55:31,USDJPY,BID,106.861000,106.863000,
20200501  04:55:32,USDJPY,BID,106.860000,106.863000,
20200501  04:55:33,USDJPY,BID,106.859000,106.861000,
20200501  04:55:34,USDJPY,BID,106.859000,106.860000,
20200501  04:55:35,USDJPY,BID,106.859000,106.860000,
20200501  04:55:36,USDJPY,BID,106.859000,106.861000,
20200501  04:55:37,USDJPY,BID,106.859000,106.861000,
20200501  04:55:38,USDJPY,BID,106.859000,106.861000,
20200501  04:55:39,USDJPY,BID,106.859000,106.861000,
20200501  04:55:40,USDJPY,BID,106.859000,106.862000,
20200501  04:55:41,USDJPY,BID,106.859000,106.861000,
20200501  04:55:42,USDJPY,BID,106.860000,106.861000,
20200501  04:55:43,USDJPY,BID,106.860000,106.865000,
20200501  04:55:44,USDJPY,BID,106.860000,106.861000,
20200501  04:55:45,USDJPY,BID,106.860000,106.861000,
20200501  04:55:46,USDJPY,BID,106.860000,106.865000,
20200501  04:55:47,USDJPY,BID,106.858000,106.861000,
20200501  04:55:48,USDJPY,BID,106.860000,106.863000,
20200501  04:55:49,USDJPY,BID,106.861000,106.863000,
20200501  04:55:50,USDJPY,BID,106.861000,106.863000,
20200501  04:55:51,USDJPY,BID,106.861000,106.863000,
20200501  04:55:52,USDJPY,BID,106.863000,106.867000,
20200501  04:55:53,USDJPY,BID,106.865000,106.868000,
20200501  04:55:54,USDJPY,BID,106.865000,106.868000,
20200501  04:55:55,USDJPY,BID,106.865000,106.867000,
20200501  04:55:56,USDJPY,BID,106.870000,106.873000,
20200501  04:55:57,USDJPY,BID,106.870000,106.872000,
20200501  04:55:58,USDJPY,BID,106.870000,106.872000,
20200501  04:55:59,USDJPY,BID,106.870000,106.872000,
20200501  04:56:00,USDJPY,BID,106.870000,106.872000,
20200501  04:56:01,USDJPY,BID,106.865000,106.866000,
20200501  04:56:02,USDJPY,BID,106.865000,106.867000,
20200501  04:56:03,USDJPY,BID,106.865000,106.867000,
20200501  04:56:04,USDJPY,BID,106.865000,106.867000,
20200501  04:56:05,USDJPY,BID,106.865000,106.867000,
20200501  04:56:06,USDJPY,BID,106.865000,106.867000,
20200501  04:56:07,USDJPY,BID,106.865000,106.867000,
20200501  04:56:08,USDJPY,BID,106.865000,106.868000,
20200501  04:56:09,USDJPY,BID,106.865000,106.867000,
20200501  04:56:10,USDJPY,BID,106.865000,106.867000,
20200501  04:56:11,USDJPY,BID,106.865000,106.867000,
20200501  04:56:12,USDJPY,BID,106.865000,106.867000,
20200501  04:56:13,USDJPY,BID,106.864000,106.867000,
20200501  04:56:14,USDJPY,BID,106.865000,106.868000,
20200501  04:56:15,USDJPY,BID,106.865000,106.867000,
20200501  04:56:16,USDJPY,BID,106.865000,106.867000,
20200501  04:56:17,USDJPY,BID,106.865000,106.867000,
20200501  04:56:18,USDJPY,BID,106.865000,106.867000,
20200501  04:56:19,USDJPY,BID,106.865000,106.867000,
20200501  04:56:20,USDJPY,BID,106.865000,106.867000,
20200501  04:56:21,USDJPY,BID,106.865000,106.867000,
20200501  04:56:22,USDJPY,BID,106.865000,106.867000,
20200501  04:56:23,USDJPY,BID,106.865000,106.867000,
20200501  04:56:24,USDJPY,BID,106.866000,106.868000,
20200501  04:56:25,USDJPY,BID,106.866000,106.868000,
20200501  04:56:26,USDJPY,BID,106.867000,106.868000,
20200501  04:56:27,USDJPY,BID,106.865000,106.868000,
20200501  04:56:28,USDJPY,BID,106.865000,106.867000,
20200501  04:56:29,USDJPY,BID,106.865000,106.867000,
20200501  04:56:30,USDJPY,BID,106.869000,106.872000,
20200501  04:56:31,USDJPY,BID,106.869000,106.872000,
20200501  04:56:32,USDJPY,BID,106.866000,106.868000,
20200501  04:56:33,USDJPY,BID,106.866000,106.868000,
20200501  04:56:34,USDJPY,BID,106.865000,106.868000,
20200501  04:56:35,USDJPY,BID,106.865000,106.868000,
20200501  04:56:36,USDJPY,BID,106.865000,106.868000,
20200501  04:56:37,USDJPY,BID,106.865000,106.868000,
20200501  04:56:38,USDJPY,BID,106.865000,106.868000,
20200501  04:56:39,USDJPY,BID,106.865000,106.867000,
20200501  04:56:40,USDJPY,BID,106.865000,106.867000,
20200501  04:56:41,USDJPY,BID,106.865000,106.867000,
20200501  04:56:42,USDJPY,BID,106.865000,106.867000,
20200501  04:56:43,USDJPY,BID,106.865000,106.868000,
20200501  04:56:44,USDJPY,BID,106.865000,106.868000,
20200501  04:56:45,USDJPY,BID,106.865000,106.867000,
20200501  04:56:46,USDJPY,BID,106.865000,106.868000,
20200501  04:56:47,USDJPY,BID,106.865000,106.867000,
20200501  04:56:48,USDJPY,BID,106.863000,106.866000,
20200501  04:56:49,USDJPY,BID,106.864000,106.866000,
20200501  04:56:50,USDJPY,BID,106.864000,106.866000,
20200501  04:56:51,USDJPY,BID,106.864000,106.866000,
20200501  04:56:52,USDJPY,BID,106.864000,106.866000,
20200501  04:56:53,USDJPY,BID,106.870000,106.873000,
20200501  04:56:54,USDJPY,BID,106.870000,106.873000,
20200501  04:56:55,USDJPY,BID,106.870000,106.872000,
20200501  04:56:56,USDJPY,BID,106.870000,106.872000,
20200501  04:56:57,USDJPY,BID,106.870000,106.872000,
20200501  04:56:58,USDJPY,BID,106.870000,106.872000,
20200501  04:56:59,USDJPY,BID,106.870000,106.872000,
20200501  04:57:00,USDJPY,BID,106.868000,106.871000,
20200501  04:57:01,USDJPY,BID,106.870000,106.872000,
20200501  04:57:02,USDJPY,BID,106.877000,106.879000,
20200501  04:57:03,USDJPY,BID,106.875000,106.877000,
20200501  04:57:04,USDJPY,BID,106.875000,106.877000,
20200501  04:57:05,USDJPY,BID,106.875000,106.877000,
20200501  04:57:06,USDJPY,BID,106.875000,106.877000,
20200501  04:57:07,USDJPY,BID,106.875000,106.878000,
20200501  04:57:08,USDJPY,BID,106.875000,106.877000,
20200501  04:57:09,USDJPY,BID,106.875000,106.878000,
20200501  04:57:10,USDJPY,BID,106.875000,106.878000,
20200501  04:57:11,USDJPY,BID,106.872000,106.874000,
20200501  04:57:12,USDJPY,BID,106.872000,106.873000,
20200501  04:57:13,USDJPY,BID,106.872000,106.873000,
20200501  04:57:14,USDJPY,BID,106.871000,106.873000,
20200501  04:57:15,USDJPY,BID,106.871000,106.873000,
20200501  04:57:16,USDJPY,BID,106.871000,106.873000,
20200501  04:57:17,USDJPY,BID,106.871000,106.873000,
20200501  04:57:18,USDJPY,BID,106.870000,106.872000,
20200501  04:57:19,USDJPY,BID,106.870000,106.872000,
20200501  04:57:20,USDJPY,BID,106.870000,106.873000,
20200501  04:57:21,USDJPY,BID,106.870000,106.873000,
20200501  04:57:22,USDJPY,BID,106.870000,106.873000,
20200501  04:57:23,USDJPY,BID,106.876000,106.879000,
20200501  04:57:24,USDJPY,BID,106.876000,106.879000,
20200501  04:57:25,USDJPY,BID,106.876000,106.879000,
20200501  04:57:26,USDJPY,BID,106.876000,106.880000,
20200501  04:57:27,USDJPY,BID,106.876000,106.879000,
20200501  04:57:28,USDJPY,BID,106.875000,106.877000,
20200501  04:57:29,USDJPY,BID,106.875000,106.879000,
20200501  04:57:30,USDJPY,BID,106.875000,106.878000,
20200501  04:57:31,USDJPY,BID,106.875000,106.878000,
20200501  04:57:32,USDJPY,BID,106.875000,106.878000,
20200501  04:57:33,USDJPY,BID,106.871000,106.872000,
20200501  04:57:34,USDJPY,BID,106.871000,106.872000,
20200501  04:57:35,USDJPY,BID,106.870000,106.872000,
20200501  04:57:36,USDJPY,BID,106.870000,106.873000,
20200501  04:57:37,USDJPY,BID,106.870000,106.872000,
20200501  04:57:38,USDJPY,BID,106.870000,106.872000,
20200501  04:57:39,USDJPY,BID,106.870000,106.873000,
20200501  04:57:40,USDJPY,BID,106.870000,106.872000,
20200501  04:57:41,USDJPY,BID,106.870000,106.872000,
20200501  04:57:42,USDJPY,BID,106.870000,106.873000,
20200501  04:57:43,USDJPY,BID,106.870000,106.873000,
20200501  04:57:44,USDJPY,BID,106.870000,106.873000,
20200501  04:57:45,USDJPY,BID,106.870000,106.873000,
20200501  04:57:46,USDJPY,BID,106.870000,106.873000,
20200501  04:57:47,USDJPY,BID,106.870000,106.873000,
20200501  04:57:48,USDJPY,BID,106.870000,106.873000,
20200501  04:57:49,USDJPY,BID,106.872000,106.874000,
20200501  04:57:50,USDJPY,BID,106.875000,106.878000,
20200501  04:57:51,USDJPY,BID,106.875000,106.878000,
20200501  04:57:52,USDJPY,BID,106.875000,106.878000,
20200501  04:57:53,USDJPY,BID,106.875000,106.878000,
20200501  04:57:54,USDJPY,BID,106.875000,106.878000,
20200501  04:57:55,USDJPY,BID,106.875000,106.878000,
20200501  04:57:56,USDJPY,BID,106.875000,106.878000,
20200501  04:57:57,USDJPY,BID,106.875000,106.878000,
20200501  04:57:58,USDJPY,BID,106.875000,106.878000,
20200501  04:57:59,USDJPY,BID,106.875000,106.878000,
20200501  04:58:00,USDJPY,BID,106.875000,106.878000,
20200501  04:58:01,USDJPY,BID,106.875000,106.878000,
20200501  04:58:02,USDJPY,BID,106.875000,106.878000,
20200501  04:58:03,USDJPY,BID,106.875000,106.878000,
20200501  04:58:04,USDJPY,BID,106.875000,106.878000,
20200501  04:58:05,USDJPY,BID,106.875000,106.878000,
20200501  04:58:06,USDJPY,BID,106.875000,106.878000,
20200501  04:58:07,USDJPY,BID,106.875000,106.878000,
20200501  04:58:08,USDJPY,BID,106.875000,106.878000,
20200501  04:58:09,USDJPY,BID,106.874000,106.878000,
20200501  04:58:10,USDJPY,BID,106.873000,106.876000,
20200501  04:58:11,USDJPY,BID,106.873000,106.876000,
20200501  04:58:12,USDJPY,BID,106.876000,106.878000,
20200501  04:58:13,USDJPY,BID,106.876000,106.878000,
20200501  04:58:14,USDJPY,BID,106.876000,106.878000,
20200501  04:58:15,USDJPY,BID,106.876000,106.878000,
20200501  04:58:16,USDJPY,BID,106.875000,106.878000,
20200501  04:58:17,USDJPY,BID,106.875000,106.878000,
20200501  04:58:18,USDJPY,BID,106.876000,106.878000,
20200501  04:58:19,USDJPY,BID,106.876000,106.878000,
20200501  04:58:20,USDJPY,BID,106.875000,106.878000,
20200501  04:58:21,USDJPY,BID,106.875000,106.878000,
20200501  04:58:22,USDJPY,BID,106.875000,106.877000,
20200501  04:58:23,USDJPY,BID,106.875000,106.876000,
20200501  04:58:24,USDJPY,BID,106.875000,106.876000,
20200501  04:58:25,USDJPY,BID,106.875000,106.876000,
20200501  04:58:26,USDJPY,BID,106.875000,106.876000,
20200501  04:58:27,USDJPY,BID,106.875000,106.876000,
20200501  04:58:28,USDJPY,BID,106.875000,106.876000,
20200501  04:58:29,USDJPY,BID,106.875000,106.877000,
20200501  04:58:30,USDJPY,BID,106.875000,106.876000,
20200501  04:58:31,USDJPY,BID,106.874000,106.876000,
20200501  04:58:32,USDJPY,BID,106.874000,106.876000,
20200501  04:58:33,USDJPY,BID,106.874000,106.876000,
20200501  04:58:34,USDJPY,BID,106.874000,106.877000,
20200501  04:58:35,USDJPY,BID,106.874000,106.876000,
20200501  04:58:36,USDJPY,BID,106.874000,106.877000,
20200501  04:58:37,USDJPY,BID,106.874000,106.877000,
20200501  04:58:38,USDJPY,BID,106.874000,106.877000,
20200501  04:58:39,USDJPY,BID,106.874000,106.876000,
20200501  04:58:40,USDJPY,BID,106.874000,106.876000,
20200501  04:58:41,USDJPY,BID,106.874000,106.878000,
20200501  04:58:42,USDJPY,BID,106.874000,106.878000,
20200501  04:58:43,USDJPY,BID,106.876000,106.877000,
20200501  04:58:44,USDJPY,BID,106.875000,106.877000,
20200501  04:58:45,USDJPY,BID,106.876000,106.877000,
20200501  04:58:46,USDJPY,BID,106.880000,106.881000,
20200501  04:58:47,USDJPY,BID,106.880000,106.882000,
20200501  04:58:48,USDJPY,BID,106.879000,106.881000,
20200501  04:58:49,USDJPY,BID,106.879000,106.880000,
20200501  04:58:50,USDJPY,BID,106.877000,106.878000,
20200501  04:58:51,USDJPY,BID,106.874000,106.875000,
20200501  04:58:52,USDJPY,BID,106.873000,106.875000,
20200501  04:58:53,USDJPY,BID,106.873000,106.874000,
20200501  04:58:54,USDJPY,BID,106.870000,106.871000,
20200501  04:58:55,USDJPY,BID,106.870000,106.871000,
20200501  04:58:56,USDJPY,BID,106.870000,106.871000,
20200501  04:58:57,USDJPY,BID,106.870000,106.871000,
20200501  04:58:58,USDJPY,BID,106.870000,106.871000,
20200501  04:58:59,USDJPY,BID,106.870000,106.871000,
20200501  04:59:00,USDJPY,BID,106.870000,106.871000,
20200501  04:59:01,USDJPY,BID,106.870000,106.871000,
20200501  04:59:02,USDJPY,BID,106.870000,106.871000,
20200501  04:59:03,USDJPY,BID,106.870000,106.871000,
20200501  04:59:04,USDJPY,BID,106.870000,106.871000,
20200501  04:59:05,USDJPY,BID,106.870000,106.871000,
20200501  04:59:06,USDJPY,BID,106.870000,106.871000,
20200501  04:59:07,USDJPY,BID,106.870000,106.872000,
20200501  04:59:08,USDJPY,BID,106.870000,106.872000,
20200501  04:59:09,USDJPY,BID,106.870000,106.872000,
20200501  04:59:10,USDJPY,BID,106.870000,106.872000,
20200501  04:59:11,USDJPY,BID,106.870000,106.871000,
20200501  04:59:12,USDJPY,BID,106.870000,106.871000,
20200501  04:59:13,USDJPY,BID,106.870000,106.871000,
20200501  04:59:14,USDJPY,BID,106.869000,106.870000,
20200501  04:59:15,USDJPY,BID,106.869000,106.870000,
20200501  04:59:16,USDJPY,BID,106.870000,106.871000,
20200501  04:59:17,USDJPY,BID,106.869000,106.870000,
20200501  04:59:18,USDJPY,BID,106.869000,106.870000,
20200501  04:59:19,USDJPY,BID,106.869000,106.870000,
20200501  04:59:20,USDJPY,BID,106.869000,106.870000,
20200501  04:59:21,USDJPY,BID,106.869000,106.870000,
20200501  04:59:22,USDJPY,BID,106.870000,106.871000,
20200501  04:59:23,USDJPY,BID,106.870000,106.871000,
20200501  04:59:24,USDJPY,BID,106.870000,106.871000,
20200501  04:59:25,USDJPY,BID,106.870000,106.871000,
20200501  04:59:26,USDJPY,BID,106.870000,106.871000,
20200501  04:59:27,USDJPY,BID,106.870000,106.871000,
20200501  04:59:28,USDJPY,BID,106.870000,106.871000,
20200501  04:59:29,USDJPY,BID,106.870000,106.871000,
20200501  04:59:30,USDJPY,BID,106.870000,106.871000,
20200501  04:59:31,USDJPY,BID,106.870000,106.871000,
20200501  04:59:32,USDJPY,BID,106.870000,106.871000,
20200501  04:59:33,USDJPY,BID,106.870000,106.871000,
20200501  04:59:34,USDJPY,BID,106.869000,106.870000,
20200501  04:59:35,USDJPY,BID,106.869000,106.870000,
20200501  04:59:36,USDJPY,BID,106.869000,106.870000,
20200501  04:59:37,USDJPY,BID,106.869000,106.870000,
20200501  04:59:38,USDJPY,BID,106.869000,106.870000,
20200501  04:59:39,USDJPY,BID,106.869000,106.870000,
20200501  04:59:40,USDJPY,BID,106.869000,106.870000,
20200501  04:59:41,USDJPY,BID,106.869000,106.870000,
20200501  04:59:42,USDJPY,BID,106.869000,106.870000,
20200501  04:59:43,USDJPY,BID,106.870000,106.871000,
20200501  04:59:44,USDJPY,BID,106.870000,106.871000,
20200501  04:59:45,USDJPY,BID,106.870000,106.871000,
20200501  04:59:46,USDJPY,BID,106.870000,106.871000,
20200501  04:59:47,USDJPY,BID,106.870000,106.871000,
20200501  04:59:48,USDJPY,BID,106.870000,106.871000,
20200501  04:59:49,USDJPY,BID,106.870000,106.871000,
20200501  04:59:50,USDJPY,BID,106.866000,106.867000,
20200501  04:59:51,USDJPY,BID,106.866000,106.867000,
20200501  04:59:52,USDJPY,BID,106.866000,106.867000,
20200501  04:59:53,USDJPY,BID,106.866000,106.867000,
20200501  04:59:54,USDJPY,BID,106.866000,106.867000,
20200501  04:59:55,USDJPY,BID,106.866000,106.867000,
20200501  04:59:56,USDJPY,BID,106.866000,106.867000,
20200501  04:59:57,USDJPY,BID,106.868000,106.869000,
20200501  04:59:58,USDJPY,BID,106.866000,106.868000,
20200501  04:59:59,USDJPY,BID,106.866000,106.867000,
20200501  05:00:00,USDJPY,BID,106.868000,106.869000,
20200501  05:00:01,USDJPY,BID,106.870000,106.872000,
20200501  05:00:02,USDJPY,BID,106.870000,106.873000,
20200501  05:00:03,USDJPY,BID,106.870000,106.872000,
20200501  05:00:04,USDJPY,BID,106.870000,106.873000,
20200501  05:00:05,USDJPY,BID,106.870000,106.873000,
20200501  05:00:06,USDJPY,BID,106.870000,106.873000,
20200501  05:00:07,USDJPY,BID,106.874000,106.875000,
20200501  05:00:08,USDJPY,BID,106.875000,106.878000,
20200501  05:00:09,USDJPY,BID,106.876000,106.879000,
20200501  05:00:10,USDJPY,BID,106.872000,106.874000,
20200501  05:00:11,USDJPY,BID,106.876000,106.877000,
20200501  05:00:12,USDJPY,BID,106.877000,106.879000,
20200501  05:00:13,USDJPY,BID,106.876000,106.878000,
20200501  05:00:14,USDJPY,BID,106.876000,106.878000,
20200501  05:00:15,USDJPY,BID,106.871000,106.874000,
20200501  05:00:16,USDJPY,BID,106.875000,106.878000,
20200501  05:00:17,USDJPY,BID,106.875000,106.878000,
20200501  05:00:18,USDJPY,BID,106.875000,106.879000,
20200501  05:00:19,USDJPY,BID,106.875000,106.879000,
20200501  05:00:20,USDJPY,BID,106.875000,106.879000,
20200501  05:00:21,USDJPY,BID,106.875000,106.878000,
20200501  05:00:22,USDJPY,BID,106.875000,106.878000,
20200501  05:00:23,USDJPY,BID,106.875000,106.878000,
20200501  05:00:24,USDJPY,BID,106.876000,106.879000,
20200501  05:00:25,USDJPY,BID,106.879000,106.881000,
20200501  05:00:26,USDJPY,BID,106.880000,106.884000,
20200501  05:00:27,USDJPY,BID,106.880000,106.883000,
20200501  05:00:28,USDJPY,BID,106.880000,106.883000,
20200501  05:00:29,USDJPY,BID,106.880000,106.883000,
20200501  05:00:30,USDJPY,BID,106.880000,106.881000,
20200501  05:00:31,USDJPY,BID,106.878000,106.880000,
20200501  05:00:32,USDJPY,BID,106.876000,106.879000,
20200501  05:00:33,USDJPY,BID,106.876000,106.879000,
20200501  05:00:34,USDJPY,BID,106.876000,106.878000,
20200501  05:00:35,USDJPY,BID,106.875000,106.878000,
20200501  05:00:36,USDJPY,BID,106.875000,106.878000,
20200501  05:00:37,USDJPY,BID,106.875000,106.878000,
20200501  05:00:38,USDJPY,BID,106.875000,106.878000,
20200501  05:00:39,USDJPY,BID,106.875000,106.878000,
20200501  05:00:40,USDJPY,BID,106.875000,106.878000,
20200501  05:00:41,USDJPY,BID,106.875000,106.878000,
20200501  05:00:42,USDJPY,BID,106.874000,106.877000,
20200501  05:00:43,USDJPY,BID,106.873000,106.876000,
20200501  05:00:44,USDJPY,BID,106.868000,106.870000,
20200501  05:00:45,USDJPY,BID,106.869000,106.870000,
20200501  05:00:46,USDJPY,BID,106.869000,106.871000,
20200501  05:00:47,USDJPY,BID,106.869000,106.871000,
20200501  05:00:48,USDJPY,BID,106.869000,106.871000,
20200501  05:00:49,USDJPY,BID,106.869000,106.871000,
20200501  05:00:50,USDJPY,BID,106.869000,106.871000,
20200501  05:00:51,USDJPY,BID,106.869000,106.871000,
20200501  05:00:52,USDJPY,BID,106.869000,106.871000,
20200501  05:00:53,USDJPY,BID,106.870000,106.871000,
20200501  05:00:54,USDJPY,BID,106.870000,106.871000,
20200501  05:00:55,USDJPY,BID,106.869000,106.871000,
20200501  05:00:56,USDJPY,BID,106.869000,106.871000,
20200501  05:00:57,USDJPY,BID,106.869000,106.871000,
20200501  05:00:58,USDJPY,BID,106.869000,106.871000,
20200501  05:00:59,USDJPY,BID,106.869000,106.871000,
20200501  05:01:00,USDJPY,BID,106.869000,106.873000,
20200501  05:01:01,USDJPY,BID,106.870000,106.873000,
20200501  05:01:02,USDJPY,BID,106.870000,106.873000,
20200501  05:01:03,USDJPY,BID,106.870000,106.873000,
20200501  05:01:04,USDJPY,BID,106.870000,106.873000,
20200501  05:01:05,USDJPY,BID,106.869000,106.873000,
20200501  05:01:06,USDJPY,BID,106.869000,106.873000,
20200501  05:01:07,USDJPY,BID,106.869000,106.873000,
20200501  05:01:08,USDJPY,BID,106.869000,106.873000,
20200501  05:01:09,USDJPY,BID,106.870000,106.873000,
20200501  05:01:10,USDJPY,BID,106.869000,106.873000,
20200501  05:01:11,USDJPY,BID,106.869000,106.873000,
20200501  05:01:12,USDJPY,BID,106.869000,106.873000,
20200501  05:01:13,USDJPY,BID,106.869000,106.873000,
20200501  05:01:14,USDJPY,BID,106.870000,106.873000,
20200501  05:01:15,USDJPY,BID,106.870000,106.873000,
20200501  05:01:16,USDJPY,BID,106.870000,106.873000,
20200501  05:01:17,USDJPY,BID,106.870000,106.873000,
20200501  05:01:18,USDJPY,BID,106.870000,106.873000,
20200501  05:01:19,USDJPY,BID,106.870000,106.873000,
20200501  05:01:20,USDJPY,BID,106.870000,106.873000,
20200501  05:01:21,USDJPY,BID,106.870000,106.873000,
20200501  05:01:22,USDJPY,BID,106.870000,106.873000,
20200501  05:01:23,USDJPY,BID,106.870000,106.873000,
20200501  05:01:24,USDJPY,BID,106.870000,106.873000,
20200501  05:01:25,USDJPY,BID,106.870000,106.872000,
